2750 4534
194 1805 465 1869 virorum
498 1803 740 1868 auxilio
785 1821 1057 1885 meaque
1087 1803 1289 1886 ipsius
1334 1821 1533 1886 opera
1561 1801 1749 1867 huius
1795 1800 2093 1866 editionis
2137 1819 2322 1884 prae-

192 1940 349 2006 sidia
393 1939 569 2004 haud
611 1937 1016 2006 mediocriter
1057 1944 1250 2004 aucta
1291 1956 1451 2004 esse.
1518 1937 1600 2002 Et
1638 1937 1736 2002 illi
1768 1936 2044 2020 quidem,
2091 1937 2157 2002 in
2188 1938 2325 2019 qui·

2402 1618 2483 1649 ,1-

354 1623 669 1735 Maxime
728 1624 1020 1806 &Kavisus
1079 1687 1248 1751 sum,
1307 1664 1767 1734 iucundissimo
1825 1665 2322 1734 clarissimorum
2408 1634 2525 1710 «ψ’

191 2075 300 2140 bus
345 2073 674 2141 codicibus
719 2075 957 2140 versati
1003 2074 1160 2152 sint,
1203 2072 1651 2154 Aldenhoven,
1696 2072 1877 2155 Mau,
1922 2072 2065 2138 Nils
2108 2071 2324 2154 Nilen,
2439 2163 2444 2168 ι

190 2209 262 2274 Η.
294 2211 504 2293 Peter,
550 2209 770 2275 Erwin
801 2208 1047 2294 Rohde‚
1085 2208 1304 2274 Vitelli
1349 2228 1466 2275 suo
1511 2210 1655 2276 loco
1701 2209 2063 2291 gratissimo
2107 2210 2322 2273 animo

191 2345 510 2425 professus
554 2363 727 2428 sum;
771 2344 912 2427 ipse
930 2342 1493 2409 vindobonensem
1537 2339 1635 2420 (B)
1677 2342 2034 2409 Marcianos
2080 2337 2170 2419 (Ω
2202 2345 2327 2407 434

194 2476 264 2540 Ψ
295 2483 442 2563 436,
489 2483 636 2558 445)
683 2481 1174 2546 Laurentianum
1225 2477 1313 2557 (Φ
1347 2483 1454 2556 77)
1482 2479 1825 2546 Vaticanos
1870 2479 1947 2557 (21
1977 2481 2078 2559 87,
2124 2473 2176 2537 Γ
2222 2480 2325 2560 90,

194 2618 300 2697 76,
352 2616 544 2694 1324)
601 2615 1023 2681 Mutinensem
1068 2615 1270 2691 (Mut.)
1314 2615 1639 2680 Parisinos
1686 2613 1760 2688 (C
1812 2616 1971 2678 1310
2027 2614 2091 2678 M
2134 2615 2325 2690 2954)

192 2749 653 2834 Upsaliensem,
697 2750 1071 2817 Urbinatem
1101 2749 1188 2815 ad
1225 2769 1304 2816 ea
1331 2749 1589 2833 scripta,
1635 2767 1799 2831 quae
1829 2749 1952 2815 hac
1982 2749 2327 2816 voluminis

191 2895 366 2970 parte
399 2887 814 2969 continentur,
859 2888 967 2952 vel
997 2893 1162 2952 totos
1192 2887 1300 2953 vel
1332 2905 1417 2952 ex
1445 2893 1627 2970 parte
1658 2885 1915 2952 contuli.
1983 2884 2195 2967 Addo,
2239 2886 2326 2950 ad

189 3021 377 3088 fidem
410 3025 620 3088 meam
649 3022 1044 3107 probandam
1090 3024 1155 3087 in
1200 3023 1469 3105 singulis
1511 3022 1839 3089 codicibus
1870 3023 2175 3089 nonnulla
2203 3022 2322 3086 Lu-

189 3159 353 3222 ciani
397 3155 635 3240 scripta
676 3157 775 3224 bis
819 3165 998 3224 terve
1041 3178 1083 3223 a
1124 3177 1226 3224 me
1270 3177 1413 3225 esse
1458 3165 1845 3242 comparata.
1913 3157 2055 3236 Quo
2084 3159 2323 3224 factum

189 3303 301 3372 est,
347 3301 417 3357 ut
445 3293 764 3359 Lucianus
808 3295 940 3359 suis
971 3295 1110 3377 ipse
1151 3293 1427 3377 pedibus
1456 3292 1698 3359 firmius
1743 3294 1999 3359 innixus
2029 3294 2158 3358 iam
2191 3312 2321 3358 oer-

187 3429 344 3494 tiore
401 3427 605 3511 gradu
649 3428 907 3495 incedat
962 3429 1301 3511 alienaque
1347 3429 1762 3495 divinationis
1818 3431 2072 3495 fortuna
2114 3429 2323 3495 minus

186 3563 490 3646 indigeat.
564 3564 772 3631 Nemo
818 3566 988 3659 enim
1019 3564 1209 3631 homo
1255 3566 1420 3631 bene
1462 3585 1654 3632 sanus
1698 3585 1816 3650 pro
1846 3566 2104 3630 incertis
2150 3572 2323 3630 certa

185 3701 424 3783 eligere
470 3701 807 3771 dubitabit.
884 3701 1286 3785 Quamquam
1331 3704 1525 3768 etiam
1571 3722 1739 3768 nunc
1781 3701 2165 3768 divinationi
2208 3723 2324 3768 sua

184 3835 504 3918 quaedam
547 3845 766 3904 manet
793 3841 892 3905 vis
937 3859 1016 3905 ac
1045 3839 1266 3920 virtus,
1312 3839 1380 3902 in
1425 3858 1553 3921 qua
1583 3836 1864 3922 quidem,
1911 3838 2083 3920 quod
2112 3839 2321 3922 ipsum

179 3991 415 4038 nomen
459 3973 810 4058 significat,
869 3975 1130 4041 divinae
1185 3975 1475 4042 veritatis
1519 3996 1699 4042 amor
1741 3995 1819 4042 ac
1862 3974 2141 4041 studium
2187 3995 2318 4040 cer-
