2750 4534
428 250 550 306 248

1376 248 1631 303 LUCIANI

637 431 829 504 λησεν
873 420 893 506 ΙΙ
936 420 1243 487 ἐλάλυσεν
1288 423 1343 482 Α
1389 458 1470 469 --
1515 419 1890 504 άλεκτρυών
1935 418 1954 504 ΙΙ
1996 421 2033 487 ὃ
2080 421 2179 488 άλ.
2229 419 2351 483 ΩΓ
2396 425 2459 482 Μ
2504 457 2583 467 -

639 532 945 589 τοιοῦτον
990 521 1009 606 ΙΙ
1051 532 1313 589 τοιοῦτο
1358 519 1480 584 ΩΓ
1513 524 1559 587 C
1604 559 1686 569 —
1733 522 1886 601 ὑμῖν
1961 523 2142 601 ὑμῶν
2189 522 2284 585 P?
2317 558 2396 570 —
2427 522 2584 589 α’πο-

641 629 932 709 τρέποιτε
1034 624 1411 709 άποτρέπειε
1453 622 1522 685 Ω
1568 624 2026 709 ἀποτρέποιτε,
2085 652 2188 691 οιτ
2229 628 2291 687 in
2348 645 2464 692 ras,
2515 621 2564 685 Γ
2565 678 2583 706 ‚

640 726 1027 811 α’ποτρέπετε
1059 731 1120 789 Μ
1153 763 1225 773 -
1262 726 1338 793 τὸ
1370 725 1584 793 δεινὸν
1613 724 1633 810 fl
1660 748 1778 791 om.
1808 726 1958 808 ΩΜ,
2005 731 2153 789 Mut.
2199 748 2498 807 suprascr.
2531 724 2584 787 Γ

640 866 719 877 —
767 833 835 895 ἐν
881 831 981 908 οἷς
1025 837 1134 895 καί
1173 826 1193 912 ΙΙ
1234 836 1341 895 καὶ
1373 832 1442 895 ἐν
1482 830 1580 907 οἷς
1608 826 1681 910 Γ,
1726 850 1841 891 om.
1872 835 1979 894 καὶ
2008 825 2077 890 Ω
2125 866 2208 875 -
2250 830 2369 915 (τῷ
2408 853 2582 912 χρεμ.

641 933 781 993 Ald.
886 929 963 996 τὸ
1004 958 1099 1013 χρ.
1150 933 1323 1007 Mut.)
1370 968 1445 977 —
1499 930 1653 997 ἄνευ
1687 929 1709 1015 ΙΙ
1742 951 1856 993 om.
1903 933 2010 994 sed
2054 950 2354 1010 suprascr.
2406 926 2475 991 Ω
2503 964 2586 975 --

640 1037 1061 1116 προεθέσπιζε
1104 1031 1123 1117 [Ι
1165 1086 1179 1099 .
1230 1040 1333 1115 ζεν
1380 1032 1430 1094 Γ
1478 1072 1559 1081 -
1606 1032 1642 1098 ὃ
1691 1030 1953 1099 άκούων
1996 1032 2014 1116 ΙΙ
2059 1053 2175 1095 om.
2222 1028 2256 1097 ὃ
2305 1037 2451 1113 Ups.
2505 1068 2587 1077 -

644 1138 1012 1201 ἐπεκαλεῖτο
1056 1133 1075 1219 ΙΙ
1117 1138 1358 1202 ἐπικαλ.
1418 1137 1473 1197 Α
1516 1172 1600 1181 -
1646 1133 1726 1199 σὺ
1766 1133 1786 1218 fl
1830 1133 1910 1200 σὺ
1965 1143 2090 1201 νῦν
2147 1132 2199 1195 Γ
2243 1171 2326 1181 ·—
2371 1136 2436 1199 εἴ
2486 1153 2585 1200 σοι

638 1233 659 1321 fl
702 1257 817 1299 om.
852 1255 954 1302 σοι
1000 1238 1046 1301 C
1090 1272 1173 1283 ——
1220 1235 1524 1320 ἐλάλησεν
1567 1235 1586 1320 ss
1629 1241 1900 1316 sequitur
1945 1235 2157 1319 ὥσπερ
2202 1242 2358 1303 ποτὲ
2402 1235 2442 1319 ἦ
2475 1260 2587 1318 φη-

641 1336 753 1419 γὸς
798 1342 867 1404 ἐν
911 1342 1072 1405 Δωὸ.
1122 1336 1473 1420 ΩΓΠΡ8.Μ.
1524 1337 1760 1423 (ὥσπερ
1807 1346 1964 1406 ποτὲ
2007 1339 2044 1423 ἡ
2091 1365 2154 1420 φ.
2207 1343 2275 1405 ἐν
2320 1338 2582 1406 Δωδών.

642 1438 1057 1521 (αὐτόφωνος
1086 1443 1225 1505 Ald.
1262 1442 1283 1523 ΙΙ
1315 1444 1476 1505 idem
1521 1446 1692 1520 Mat.)
1738 1478 1820 1488 —
1867 1440 2297 1519 ἐμαντεύσατο
2341 1440 2360 1523 ΙΙ
2408 1444 2590 1519 ἐμαν-

642 1540 861 1608 τεύετο
892 1540 1024 1604 ΩΜ
1064 1541 1468 1622 (ἐμαντεύετο
1512 1545 1649 1610 Ald.
1697 1542 1718 1627 fl
1761 1542 2188 1622 ἐμαντεύσατο
2218 1548 2394 1621 Μυῒ.)
2442 1542 2587 1624 -ἢ

644 1649 804 1711 Δωὸ.
854 1644 875 1728 ΙΙ
917 1648 985 1711 ἐν
1017 1644 1301 1728 Δωδώνη
1332 1643 1669 1726 ΩΓΠΡΒ.Μ
1701 1684 1784 1695 —-
1815 1646 2098 1730 ἡμίεφθα
2127 1646 2147 1731 fl
2173 1646 2457 1729 ἡμίοπτα
2487 1653 2589 1711 καὶ

646 1746 815 1827 ἑφθὰ
859 1745 1043 1810 ΩΓΜ
1086 1749 1390 1831 (ἡμίοπτα
1445 1756 1553 1814 καὶ
1609 1748 1780 1830 ἑφθὰ
1835 1753 1973 1812 ΑῙᾶ.
2017 1747 2038 1835 fl
2077 1748 2359 1831 ἧμίεφθα
2418 1753 2590 1823 Mat.)

645 1884 728 1896 —
784 1847 1176 1915 λαλιστάτου
1220 1849 1241 1934 fl
1281 1859 1634 1917 καλλίστου
1687 1848 1806 1912 ΩΓ
1809 1855 1871 1913 Μ
1929 1888 2006 1897 -—
2065 1858 2172 1916 καὶ
2226 1862 2362 1932 λογ.
2409 1850 2430 1931 ΙΙ
2474 1860 2591 1917 τοῦ

646 1958 753 2016 καὶ
810 1961 945 2032 λογ.
1000 1960 1176 2017 θεῶν
1233 1955 1374 2032 Ups,
1442 1988 1517 1999 -
1577 1950 1783 2019 τᾶλλα
1837 1951 1858 2039 Ι
1911 1952 1990 2019 τὰ
2047 1952 2212 2019 ἄλλα
2268 1950 2392 2015 ΩΓ
2394 1956 2456 2015 Μ
2510 1988 2590 1999 -

648 2050 1026 2135 ἀνθρώπων
1074 2050 1096 2135 Ι
1150 2051 1580 2137 ἀνθρωπίνην
1637 2051 1975 2117 ΩΓΜιιῐ.Μ
2037 2091 2119 2101 —
2175 2053 2351 2120 οὕτω
2411 2056 2432 2138 ΙΙ
2487 2052 2590 2120 οἵ·

645 2179 774 2231 τως
803 2150 987 2216 ΩΓΜ

518 2300 533 2318 .
602 2308 616 2322 .
654 2254 1030 2340 ἀλεκτρυὼν
1076 2258 1095 2341 ΙΙ
1137 2258 1386 2324 άλλεκτ.
1437 2261 1492 2321 Α
1535 2292 1618 2304 -
1663 2258 1828 2342 πρός
1871 2284 1946 2336 με
1989 2257 2010 2341 fl
2050 2286 2114 2325 π.
2163 2262 2266 2337 ἐμὲ
2301 2255 2374 2320 Ω
2407 2296 2490 2307 -
2524 2257 2590 2323 ‹5’

652 2355 775 2424 οὖν
881 2355 1005 2424 οὖν
1051 2358 1183 2422 ΩΜ
1224 2396 1313 2407 ·-
1354 2368 1451 2439 τίς
1507 2358 1628 2443 γὰρ
1686 2360 1769 2426 ἂν
1811 2358 1832 2444 fl
1873 2368 1969 2439 τίς
2025 2360 2107 2427 ἂν
2165 2369 2272 2426 καὶ
2314 2364 2462 2441 Πρε.
2511 2396 2586 2405 -

652 2463 713 2526 εἴ
748 2487 809 2526 τι
851 2459 871 2545 ΙΙ
914 2460 951 2544 ἢ
995 2470 1124 2529 τίνι
1153 2460 1285 2525 ΩΜ
1326 2462 1364 2546 ἢ
1411 2490 1470 2528 τι
1517 2461 1566 2523 Γ
1611 2500 1696 2510 -
1741 2461 1902 2528 αὐτὸ
1945 2464 1964 2547 ΙΙ
2008 2461 2171 2529 αὐτὰ
2201 2460 2321 2524 ΩΓ
2354 2499 2436 2508 -
2468 2471 2590 2528 τοί-

658 2589 781 2629 νυν
822 2561 841 2647 fl
884 2585 997 2628 om.
1042 2562 1219 2628 ΑΩΓ
1263 2570 1325 2627 Μ
1376 2602 1452 2613 --
1517 2563 2050 2648 παραδοξότατόν
2107 2585 2210 2632 σοι
2263 2564 2469 2646 λόγον
2523 2558 2590 2629 εὖ

654 2669 761 2732 οἶδ
776 2666 790 2687 ’
834 2665 934 2732 ὅτι
978 2672 1145 2747 λέγω
1174 2669 1192 2751 ΙΙ
1222 2665 1530 2750 παραδόξ.
1569 2685 1672 2733 σοι
1701 2664 1774 2733 εὖ
1805 2668 1939 2734 οἶδ’
1973 2666 2072 2734 ὅτι
2100 2672 2266 2749 λέγω
2297 2664 2485 2729 ΩΓΜ
2512 2702 2589 2713 -

658 2794 809 2851 παρ.
867 2787 969 2834 σοι
1026 2766 1096 2834 εὖ
1154 2770 1290 2836 οἶδ’
1348 2767 1448 2835 ὅτι
1505 2768 1706 2849 λόγον
1763 2772 2166 2850 AMut.Ups.C
2237 2806 2322 2817 —-
2379 2769 2416 2835 ὁ
2471 2778 2590 2835 νῦν

660 2888 760 2937 σοι
790 2870 811 2954 fl
838 2891 953 2933 om.
991 2874 1133 2952 Ups.
1185 2907 1263 2919 —
1310 2870 1558 2953 ἤκουσά
1594 2898 1655 2937 τι
1683 2870 1702 2953 ΙΙ
1731 2893 1848 2937 om.
1880 2900 1940 2937 τι
1969 2870 2102 2935 ΩΜ
2129 2892 2394 2952 suprasc.
2431 2868 2483 2932 Γ
2513 2906 2590 2917 -

656 2995 963 3054 τοιοῦτον
984 2988 1003 3072 ΙΙ
1024 2999 1289 3056 τοιοῦτο
1305 2988 1436 3054 ΩΜ
1458 2976 1723 3057 τοιοῦτῧ
1747 2989 1798 3052 Γ
1828 3026 1908 3037 -
1931 2990 2144 3069 α’μὲλει
2165 2990 2184 3073 ΙΙ
2209 3012 2323 3054 om.
2339 2993 2484 3069 Ups.
2521 3025 2588 3035 --

659 3090 844 3169 ὑμῶν
874 3088 893 3175 ΙΙ
920 3091 1105 3175 ἡμῶν
1134 3096 1275 3171 UpS.
1304 3090 1566 3185 ·—2'÷'1<›ec
1589 3092 1608 3174 ΙΙ
1630 3093 1771 3176 α’ρεῖ
1789 3096 1934 3156 Mut.
1967 3128 2041 3139 -·
2081 3100 2387 3173 ξυμπίνοι
2406 3091 2427 3179 Ι
2447 3111 2595 3168 συμ-

658 3202 835 3260 πίνοι
887 3190 1009 3255 ΩΓ
1052 3230 1135 3240 --
1194 3195 1604 3278 ξυγκωμάζοι
1645 3195 1666 3283 ΙΙ
1709 3197 2122 3279 συγκωμάζοι
2183 3194 2303 3259 ΩΓ
2351 3204 2592 3277 ξυγχω-

656 3296 836 3379 μάζει
896 3299 999 3360 ΑΟ
1055 3334 1138 3344 --
1197 3296 1394 3363 ὁπότε
1437 3298 1460 3382 ΙΙ
1505 3302 1717 3366 εἴποτε
1772 3298 2106 3363 QPMutM
2147 3335 2230 3345 -—
2275 3307 2382 3365 καὶ
2440 3302 2592 3363 ἐπει-

658 3398 852 3482 δήπερ
959 3420 1075 3462 om.
1106 3408 1211 3465 καὶ
1241 3397 1373 3462 ΩΜ
1403 3436 1484 3447 -·—
1515 3400 1633 3467 τὸν
1667 3402 1794 3469 εΗλ.
1843 3401 2116 3481 μάλιστα
2148 3400 2171 3485 ΙΙ
2200 3411 2343 3479 μαλ.
2383 3428 2434 3467 τ.
2462 3397 2584 3465 Ἥλ.

660 3499 941 3581 ΩΠΡΒ.Μ
962 3538 1044 3548 -
1070 3502 1415 3587 ὑφεωρᾶτο
1435 3502 1454 3586 ΙΙ
1483 3503 1794 3588 ὑφωρᾶτο
1819 3507 1864 3568 G
1889 3542 1974 3551 —
1997 3508 2233 3585 ἐξείποι
2253 3504 2274 3588 ΙΙ
2295 3506 2504 3584 ἐξείπῃ
2526 3496 2590 3561 Ω

660 3639 739 3649 -
772 3604 868 3669 αἐὶ
908 3609 918 3682 Ι
956 3625 1071 3667 om.
1100 3602 1169 3667 Ω
1200 3612 1319 3671 αἰεὶ
1347 3609 1605 3686 AUpS.C
1640 3643 1725 3653 —
1755 3607 2003 3689 α’νίσχοι
2041 3606 2050 3691 Ι
2091 3606 2345 3687 άνέσχοι
2371 3609 2425 3667 Α
2456 3610 2592 3684 φαί-

657 3731 750 3771 νει
780 3704 912 3768 ΩΜ
942 3741 1024 3751 -
1052 3732 1187 3774 κατ.
1222 3714 1337 3786 μὲν
1372 3712 1392 3787 ΙΙ
1429 3729 1541 3771 om.
1571 3714 1689 3788 μὲν
1711 3712 1828 3771 ΑΜ
1855 3743 1938 3755 -
1970 3706 2145 3774 οὕτω
2179 3706 2202 3792 ΙΙ
2235 3706 2444 3784 οὕτως
2466 3702 2590 3766 ΩΜ

659 3845 741 3855 -
788 3817 1095 3891 πεποίητο
1142 3808 1165 3893 ΙΙ
1206 3809 1607 3893 μεμηχάνητο
1652 3807 1719 3872 Ω
1763 3810 2214 3893 μεμαχάνητοῗ
2270 3814 2332 3871 Μ
2379 3832 2584 3888 μεμηχ.

664 3930 965 3990 suprascr.
1013 3920 1325 3995 πεποίητο
1369 3910 1422 3973 Γ
1465 3951 1550 3963 -
1595 3913 1705 3979 ἐπ’
1749 3911 1988 3991 αὐτούς
2021 3913 2044 3997 ΙΙ
2077 3916 2179 3978 ἐπὶ
2225 3912 2358 3978 αὐτ.
2401 3914 2470 3974 Α.
2513 3942 2588 3953 -

663 4012 867 4095 (Ἄρην
890 4014 1025 4079 Ald.
1064 4014 1087 4094 ΙΙ
1121 4012 1243 4097 ἄρη
1272 4019 1444 4092 Mut.)
1475 4052 1556 4061 —
1591 4016 1678 4093 ὡς
1711 4015 1943 4099 άφείθη
1973 4014 2090 4081 τὸν
2109 4010 2241 4097 ³219.
2280 4013 2302 4099 ΙΙ
2334 4011 2446 4079 τὸν
2476 4010 2583 4091 Ἀρ.
