2750 4534
465 263 548 320 64
1325 266 1739 330 [Aorufflon

463 436 578 500 καὶ
621 432 1110 520 συγκουφίζειν·
1155 445 1342 521 σφᾶς
1382 435 1459 500 δὲ
1502 434 1868 516 ἐπιθυμεῖν
1908 436 2032 518 μὲν
2076 429 2306 514 αὗτοῑς
2336 442 2618 524 βοηθεῖν

463 539 576 602 καὶ
633 535 838 603 ἐλεεῖν
897 535 1016 622 τήν
1071 536 1427 624 συμφορὰν
1478 541 1615 604 τῶν
1672 531 1964 623 ἇνδρῶν,
2018 537 2111 625 μὴ
2158 538 2509 606 δύνασθαι
2553 540 2617 605 δὲ

462 635 730 724 μεγάλῳ
772 640 872 722 τῷ
915 637 1250 720 πνεύματι
1277 637 1788 720 ἐλαυνομένους·
1830 638 2011 727 πλὴν
2052 637 2269 706 ἐκεῖνά
2310 665 2391 725 γε
2418 645 2695 724 ποῶ-529

465 761 614 818 σαι,
683 737 970 824 φελλούς
1025 764 1101 805 τε
1159 738 1290 825 γὰρ
1347 740 1645 817 πολλοὺς
1698 733 1979 828 ἀφεῖναι
2032 735 2263 818 αὖτοῑς
2318 745 2436 808 καὶ
2496 747 2617 808 τῶν

461 843 713 906 κοντῶν
767 864 988 920 τινας,
1045 838 1140 918 ῶς
1199 841 1321 908 ἐπὶ
1372 841 1630 908 τούτων
1686 835 2173 931 ἆπονήξαιντο,
2216 844 2287 910 εἲ
2322 869 2465 910 τινι
2512 839 2619 910 αύ-

461 945 597 1008 τῶν
653 943 1072 1026 περιτύχοιεν
1085 995 1103 1022 ,
1167 946 1279 1010 καὶ
1330 946 1523 1022 τέλος
1584 947 1701 1010 καὶ
1762 943 1885 1032 τήν
1939 938 2353 1030 ἆποβάθραν
2420 941 2619 1032 αὗτήν

465 1035 545 1106 οὗ
595 1039 838 1124 μικρὰν
895 1039 1122 1107 οὖσαν.
1223 1036 1539 1128 ἐννόησον
1590 1049 1817 1108 τοίνυν
1872 1043 2050 1129 πρὸς
2104 1046 2321 1123 θεῶν,
2392 1037 2618 1132 ἥντινα

463 1137 548 1209 ἅν
603 1167 710 1219 τις
767 1137 972 1230 ἄλλην
1025 1142 1354 1221 ἐπίδειξιν
1412 1143 1828 1221 ἐπιδείξαιτο
1880 1139 2145 1223 ευνοίας
2180 1151 2618 1232 βεβαιοτέραν

465 1243 640 1329 πρός
683 1240 894 1330 ανδρα
949 1247 1150 1332 φίλον
1195 1243 1264 1312 ἐν
1307 1250 1493 1312 νυκτὶ
1536 1245 1909 1314 ἐκπεσόντα
1962 1246 2033 1324 ἐς
2076 1250 2367 1333 πέλαγος
2412 1241 2620 1325 οὕτως

463 1341 868 1434 ἠγριωμένον
941 1338 984 1432 ἢ
1053 1347 1466 1434 κοινωνήσας
1531 1351 1656 1414 τοῦ
1723 1348 2069 1431 θανάτους
2137 1355 2251 1417 καί
2310 1375 2439 1432 μοι
2486 1345 2612 1470 ἐπ’

463 1443 847 1536 ὀφθαλμῶν
891 1450 1052 1532 λαβὲ
1095 1449 1214 1537 τὴν
1257 1447 1720 1517 ἐπανάστασιν
1753 1454 1887 1516 τῶν
1928 1450 2257 1534 κυμάτων,
2301 1451 2423 1517 τὸν
2470 1439 2616 1541 ἦχον

461 1554 583 1616 τοῦ
645 1544 890 1628 υδατος
959 1549 1445 1634 ἐπικλωμένου,
1516 1553 1633 1619 τὸν
1705 1546 1927 1640 άφρὸν
1998 1553 2425 1637 περιζέοντα,
2504 1555 2614 1640 τὴν

463 1652 682 1733 νύκτα,
727 1655 840 1720 καὶ
869 1651 990 1740 τὴν
1021 1650 1429 1739 ἀπόγνωσιν,
1476 1650 1623 1720 εἶτα
1652 1647 2199 1740 ἇποπνιγόμενον
2228 1655 2483 1722 ἐκεῖνον
2514 1660 2615 1724 καὶ

461 1754 655 1840 μόγις
711 1749 1178 1822 ἀνακύπτοντα
1229 1759 1344 1822 καὶ
1400 1755 1524 1832 τὰς
1574 1769 1802 1841 χεῖρας
1852 1754 2168 1842 ὀρέγοντα
2210 1761 2308 1842 τῷ
2350 1757 2613 1845 ἑταίρῳ,

463 1855 580 1922 τὸν
637 1857 712 1923 δὲ
757 1857 1197 1944 ἐπιπηδῶντα
1241 1850 1447 1935 εὗθὺς
1488 1861 1603 1924 καὶ
1648 1862 2005 1926 συννέοντα
2052 1861 2163 1925 καὶ
2210 1859 2487 1926 δεδιότα
2532 1859 2614 1948 μή

465 1959 963 2044 προαπολεῑται
1017 1959 1222 2025 αὐτοῦ
1265 1957 1300 2025 o‘
1347 1959 1639 2043 Δάμων·
1698 1952 1873 2025 οῧτω
1926 1961 2053 2046 γὰρ
2098 1950 2181 2025 ἂν
2220 1960 2485 2043 μάθοις
2529 1960 2614 2038 ῶς

465 2054 584 2126 οὐκ
648 2054 882 2148 ἀγεννῆ
949 2083 1058 2126 σοι
1111 2064 1226 2128 καὶ
1287 2064 1527 2129 τοῦτον
1590 2064 1792 2148 φίλον
1855 2060 1972 2127 τόν
2028 2055 2403 2128 Εὐθύδικον
2474 2065 2614 2151 διη-

461 2161 782 2250 modum·

359 2276 431 2330 21
638 2269 742 2332 21.
793 2266 998 2337 ΤΟΞ.
1073 2265 1376 2347 Πότερον
1422 2265 1496 2330 δὲ
1540 2258 1933 2346 ἀπώλοντο,
1984 2251 2042 2330 ῶ
2086 2265 2505 2354 Μνήσιππε,
2552 2267 2615 2333 οἱ

465 2362 730 2452 α’νδρες,
783 2357 824 2455 ἢ
870 2374 973 2445 τίς
1019 2366 1246 2444 αὐτοῖς
1291 2367 1360 2433 ἐκ
1403 2367 1793 2453 παραλόγου
1840 2373 2139 2455 σωτηρία
2180 2366 2476 2453 ἐγένετος
2532 2392 2621 2446 ως
2634 2388 2692 2437 ²30

463 2467 664 2555 ε’γωγε
709 2463 786 2534 οὗ
829 2475 1117 2554 μετρίως
1161 2469 1430 2536 δέδοικα
1473 2465 1645 2552 ὑπὲρ
1692 2461 1932 2535 αυτῶν.

633 2578 932 2640 ΜΝΗΣ.
1011 2571 1296 2658 Θάρρει,
1355 2567 1411 2636 ὥ
1466 2571 1746 2656 Τόξαρι,
1804 2570 2163 2659 ἐσώθησαν
2206 2597 2315 2638 και
2362 2572 2467 2638 ἔτι
2511 2576 2617 2638 καὶ

463 2676 575 2740 νῦν
621 2673 792 2740 εἰσιν
812 2668 1188 2761 Ἀθήνησιν
1235 2669 1441 2759 ἶίμφω
1486 2674 2043 2760 φιλοσοφοῦντες.
2118 2668 2153 2738 ὃ
2198 2673 2319 2757 μὲν
2346 2671 2475 2759 γάρ
2504 2681 2617 2740 Σι-

459 2775 667 2858 μύλος
719 2778 931 2840 ταῦτα
972 2773 1149 2858 μόνα
1194 2771 1326 2856 εἶχε
1384 2775 1625 2859 λέγειν,
1686 2766 1731 2839 ὅ
1782 2798 1954 2840 ποτε
2008 2770 2146 2842 εἶδε
2196 2777 2317 2863 τῆς
2369 2776 2617 2855 νυκτός,

460 2874 576 2942 τόν
620 2875 740 2958 μὲν
787 2874 1235 2955 ἐκπίπτοντα,
1288 2876 1405 2942 τὸν
1449 2875 1523 2942 δὲ
1568 2875 2007 2962 ἐπιπηδῶντα
2048 2879 2160 2943 καὶ
2206 2881 2615 2963 νηχομένους,

463 2975 560 3054 εἰς
589 2974 751 3042 ὅσον
784 2975 852 3042 ἐν
895 2979 1077 3043 νυκτὶ
1119 2980 1424 3062 καθορᾶν
1470 2975 1768 3044 ἐδύνατο.
1840 2975 1927 3042 τὰ
1973 2977 2044 3042 δὲ
2088 2970 2227 3043 άπὸ
2265 2977 2511 3044 τούτου
2554 2979 2617 3044 οἱ

464 3072 642 3164 ἀμφὶ
684 3077 803 3143 τὸν
846 3071 1224 3144 Εὐθύδικον
1272 3071 1465 3145 αὐτοὶ
1510 3078 1925 3166 διηγοῦνται·
1969 3078 2046 3144 τὸ
2092 3078 2215 3162 μὲν
2256 3076 2384 3164 γὰρ
2432 3083 2618 3163 πρῶ-

461 3204 578 3245 τον
635 3181 910 3266 φελλοῖς
964 3202 1106 3247 τισι
1157 3180 1652 3265 περιπεσόντας
1697 3178 1950 3262 ἀνέχειν
2008 3179 2125 3246 ἐπὶ
2168 3180 2423 3248 τούτων
2468 3187 2615 3248 ἑαυ-

459 3280 617 3358 τοὺς
672 3284 783 3348 καὶ
829 3275 1296 3370 ἀπονήχεσθαι
1339 3283 1679 3370 πονήρως,
1738 3275 2013 3369 ὕστερον
2058 3282 2132 3348 δὲ
2184 3281 2304 3369 τὴν
2350 3281 2615 3368 ἀποβά-

459 3389 641 3468 θραν
689 3383 956 3463 ἰδόντας
999 3381 1123 3474 ἤδη
1173 3384 1346 3469 πρὸς
1393 3384 1482 3452 ἕω
1526 3385 2049 3471 προσνήξασθαί
2075 3409 2150 3451 τε
2187 3378 2352 3471 αὐτῇ
2384 3390 2498 3454 καὶ
2540 3387 2611 3452 τὸ

462 3485 704 3554 λοιπὸν
755 3485 1124 3572 ἐπιβάντας
1181 3487 1485 3573 εὐμαρῶς
1541 3491 2076 3575 προσενεχθῆναι
2130 3490 2215 3575 τῇ
2257 3488 2610 3574 Ζακύνθῳ.

355 3593 432 3650 22
639 3595 740 3656 22.
787 3590 989 3656 Μετὰ
1046 3591 1118 3657 δὲ
1173 3590 1449 3668 τούτους
1505 3583 1581 3656 οὗ
1638 3589 1937 3676 φαύλους
1988 3585 2218 3670 ὄντας,
2276 3586 2364 3666 ὦς
2411 3583 2602 3676 ἔγωγ’

460 3679 541 3757 ἂν
601 3691 899 3775 ε’ίποιμι,
957 3689 1242 3758 ἄκουσον
1295 3686 1420 3779 ἤδη
1478 3697 1703 3777 τρίτον
1757 3685 1959 3757 ἄλλον
2004 3685 2195 3758 οὐδέν
2236 3717 2305 3757 τι
2342 3699 2610 3774 χείρονα

461 3787 696 3858 αὐτῶν.
776 3786 1163 3876 Εὐδαμίδας
1191 3799 1565 3878 Κορίνθιος
1585 3783 1917 3877 Ἀρεταίῳ
1959 3795 2059 3878 τῷ
2103 3797 2456 3879 Κορινθίῳ
2504 3794 2608 3858 καὶ

457 3893 809 3979 Χαριξένῳ
866 3897 964 3980 τῷ
1015 3900 1357 3981 Σικυωνίῳ
1424 3895 1653 3982 φίλοις
1718 3891 2020 3980 ἐκέχρητο
2089 3887 2404 3979 εὐπόροις
2462 3880 2607 3961 ούσι

459 3998 864 4073 πενέστατος
896 3988 1095 4075 αὐτὸς
1140 3992 1262 4063 ῶν·
1308 3995 1460 4064 ἐπεὶ
1508 3995 1581 4061 δὲ
1618 3987 2025 4082 ἀπέθνησκε,
2074 3994 2408 4084 διαθήκας
2439 3991 2603 4066 ἇπέ-
