2750 4534
470 274 592 331 110
1347 275 1721 329 ΑΟΥΚΙΑΝΟΥ

636 448 886 509 ΖΕΥΣ.
984 437 1237 511 Οὖκοῦν
1293 447 1402 511 καὶ
1463 440 1619 531 ἡμῖν
1676 440 1799 533 ἤδη
1861 443 2243 533 ἑρμηνεύοις
2286 435 2367 511 ἂν
2418 439 2637 513 αὗτὸν

467 538 506 611 δ’
549 571 616 613 τι
660 548 770 612 καὶ
819 549 1010 632 λέγει.

637 650 894 715 ΜΩΜ.
984 648 1176 715 Πάνυ
1233 648 1572 735 πρόδηλα,
1629 642 1801 715 ὥστε
1847 642 2035 716 οὐδὲν
2076 646 2237 737 ἡμῖν
2286 655 2636 734 Θεμιστο-

467 751 695 828 κλέους
761 749 1003 835 δεήσει.
1095 753 1262 837 φησὶ
1328 750 1454 839 γὰρ
1514 749 1588 816 τὸ
1658 753 1884 829 λόγιον
1943 746 2190 818 οὑτωσὶ
2258 751 2635 839 διαρρήδην

464 849 672 937 γόητα
729 852 850 931 μὲν
910 848 1083 918 εἶναι
1137 855 1406 934 τοῦτον,
1466 848 1635 937 ὗμᾶς
1693 853 1764 918 δὲ
1826 848 2020 930 ὄνους
2075 855 2487 941 κανθηλίους
2553 854 2631 941 νὴ

466 956 607 1017 Δία
648 954 761 1018 καὶ
803 948 1152 1041 ἡμιόνους,
1198 952 1354 1031 τοὺς
1400 954 1840 1031 πιστεύοντας
1888 948 2086 1040 αὐτῷ,
2141 949 2284 1021 οὐδ’
2339 948 2504 1021 ὅσον
2560 958 2635 1022 αἱ

471 1050 732 1134 ἀκρίδες
775 1052 892 1120 τὸν
937 1058 1090 1121 νοῦν
1136 1054 1424 1138 ἔχοντας.

365 1166 440 1221 32
640 1161 740 1223 32.
788 1160 1071 1223 HPAK.
1105 1150 1264 1243 Ἐγώ
1315 1158 1405 1239 δέ,
1454 1144 1508 1223 ὦ
1555 1158 1798 1244 πάτερ,
1850 1158 1909 1224 εἰ
1952 1161 2064 1225 καὶ
2108 1159 2413 1242 μέτοικός
2458 1158 2632 1244 εἰμι,

470 1249 584 1322 οὖκ
639 1250 894 1346 ὀκνήσω
953 1252 1135 1343 ὅμως
1189 1257 1274 1326 τὰ
1333 1259 1651 1326 δοκοῦντά
1708 1285 1827 1344 μοι
1873 1260 2122 1327 εἰπεῖν·
2182 1255 2438 1328 ὁπόταν
2494 1260 2632 1346 γὰρ

466 1354 588 1447 ἤδη
649 1359 1080 1438 ξυνελθόντες
1139 1361 1608 1447 διαλέγωνται,
1663 1366 2055 1451 τηνικαῦτα,
2110 1353 2191 1451 ἢν
2242 1364 2361 1445 μὲν
2408 1358 2441 1428 ὃ
2506 1371 2630 1429 Τι-

466 1464 712 1551 μοκλῆς
753 1458 1045 1550 ὑπέρσχῃ
1058 1515 1076 1544 ,
1138 1462 1422 1548 ἐάσομεν
1468 1478 1839 1549 προχωρεῖν
1885 1462 2005 1553 τὴν
2053 1464 2400 1543 ξυνουσίαν
2443 1459 2723 1551 ὗπὲρθῖθ

465 1561 688 1654 ἡμῶν,
748 1556 828 1651 ἢν
887 1567 960 1631 δέ
1004 1566 1296 1651 ἑτεροῖον
1339 1594 1408 1633 τι
1454 1561 1819 1655 ἀποβαίνῃ,
1882 1567 2036 1634 τότε
2079 1564 2201 1657 ἤδη
2247 1565 2364 1655 τὴν
2411 1567 2629 1635 στοὰν

471 1661 672 1756 αὐτὴν
717 1666 936 1754 ἔγωγε,
983 1668 1044 1735 εἰ
1090 1668 1286 1750 δοκεῖ,
1336 1670 1702 1750 διασείσας,
1751 1668 2017 1755 ἐμβαλῶ
2060 1674 2157 1756 τῷ
2200 1664 2482 1753 Δάμιδι,
2534 1668 2630 1747 ὥς

468 1768 557 1858 μὴ
604 1769 974 1856 κατάρατος
1018 1760 1109 1838 ὢν
1156 1766 1384 1859 ὑβρίζῃ
1433 1771 1528 1848 εἷς
1570 1768 1763 1859 ἡμᾶς.

640 1877 889 1938 ΖΕΥΣ.
929 1868 1288 1957 Ἡράκλεις,
1322 1860 1377 1938 αἶ
1395 1870 1759 1957 (Ηράκλεις,
1792 1870 2100 1959 ἄγροικον
2128 1866 2313 1940 τοῦτ’
2353 1874 2629 1962 εἴρηκας

469 1976 580 2040 καὶ
648 1973 879 2051 δεινῶς
939 1975 1301 2056 Βοιώτιον,
1372 1974 1823 2053 ξυναπολέσαι
1888 1975 1986 2041 ἑνὶ
2051 1980 2327 2064 πονηρῷ
2385 1978 2629 2043 τοσού-

468 2099 624 2152 τους
676 2076 999 2163 χρῃστούς
1055 2081 1167 2144 καὶ
1227 2082 1510 2161 προσέτι
1563 2077 1682 2163 τὴν
1738 2075 1941 2143 στοὰν
1995 2072 2176 2165 αὐτῷ
2221 2082 2627 2163 Μαραθῶνι
2722 2150 2731 2159 ,

468 2179 578 2244 καὶ
610 2178 957 2266 Μιλτιάδῃ
995 2178 1113 2245 ’καὶ
1157 2186 1595 2265 Κυναιγείρῳ.
1683 2184 1793 2246 καὶ
1840 2183 1987 2257 πῶς
2032 2169 2112 2246 ὃν
2154 2180 2409 2247 τούτων
2457 2181 2627 2265 ξυμ-

471 2303 815 2349 πεσοντων
882 2282 948 2348 οἱ
1013 2281 1286 2371 ῥήτορες
1353 2282 1453 2349 ἔτι
1520 2277 1934 2371 ῥητορεύοιεν
1999 2280 2117 2368 τὴν
2173 2288 2491 2371 μεγίστην
2559 2284 2627 2361 ἐς

469 2381 625 2460 τοὺς
681 2381 916 2469 λόγους
967 2378 1306 2451 ὑπόθεσιν
1367 2378 1820 2473 ἆφῃρημένοι,·
1876 2380 2092 2462 ἄλλως
2140 2409 2213 2451 τε
2258 2385 2451 2465 ζῶντι
2497 2392 2627 2469 μέν

471 2507 582 2553 σοι
655 2484 935 2553 δυνατὸν
1019 2472 1099 2575 ἦν
1170 2486 1338 2565 ἰ’σως
1408 2512 1478 2552 τι
1545 2489 1656 2553 καὶ
1730 2486 1985 2574 πρᾶξαι
2053 2490 2391 2568 τοιοῦτον,
2484 2482 2621 2576 ἀφ’

471 2582 548 2653 οὗ
607 2588 679 2655 δὲ
735 2586 902 2667 θεὸς
957 2593 1332 2677 γεγένησαι,
1394 2588 1825 2676 μεμάθηκας,
1886 2584 2107 2672 οἶμαι,
2166 2584 2256 2667 ὥς
2314 2589 2385 2655 αἱ
2432 2596 2627 2657 Μοῖ-

470 2718 583 2778 ραι
635 2689 719 2756 τὰ
762 2694 1043 2759 τοιαῦτα
1101 2691 1305 2775 μόναι
1351 2690 1697 2770 δύνανται,
1756 2691 1947 2777 ἡμεῖς
2003 2690 2075 2757 δὲ
2122 2688 2352 2774 ἄκυροι
2400 2686 2627 2759 αὐτῶν

469 2793 684 2877 ἐσμεν.

640 2897 922 2960 ΗΡΑΚ.
999 2886 1250 2960 Οὐκοῦν
1301 2896 1413 2961 καὶ
1458 2892 1669 2961 ὁπότε
1711 2892 1827 2961 τὸν
1885 2895 2119 2961 λέοντα
2162 2884 2205 2980 ἢ
2246 2894 2364 2983 τὴν
2410 2888 2625 2982 ῧδραν

471 2997 806 3085 ἐφόνευον,
855 2996 927 3062 αἱ
970 3002 1239 3080 Μοῖραι
1285 2989 1378 3062 δι’
1432 2994 1594 3079 ἐμοῦ
1639 2996 1852 3063 ἐκεῖνα
1898 2996 2269 3082 ἔπραττονς

639 3104 889 3163 ΖΕΥΣ.
955 3100 1094 3164 Καὶ
1135 3097 1451 3181 μάλιστα.

641 3201 922 3266 ΗΡΑΚ.
969 3202 1105 3267 Καὶ
1151 3203 1262 3267 νῦν
1307 3196 1386 3287 ἤν
1428 3224 1532 3277 τις
1574 3195 1804 3288 ὑβρίζῃ
1854 3199 1949 3279 εἷς
1995 3199 2109 3280 ἐμὲ
2152 3190 2192 3288 ἢ
2237 3203 2624 3285 περισυλῶν

469 3330 596 3389 μου
639 3300 757 3370 τὸν
804 3300 966 3369 νεών
1009 3292 1051 3387 ἢ
1095 3294 1489 3388 ἀνατρέπων
1532 3300 1607 3369 τὸ
1658 3298 1941 3389 ἄγαλμα,
1988 3292 2067 3391 ἢν
2110 3302 2198 3387 μὴ
2246 3316 2395 3381 ταῖς
2424 3310 2715 3371 Μοί-680

471 3430 620 3493 ραις
663 3404 882 3471 πάλαι
925 3404 1314 3491 δεδογμένον
1359 3390 1423 3491 ᾖ,
1470 3398 1585 3471 οὐκ
1630 3403 1972 3489 ἐπιτρίψω
2021 3397 2255 3487 αὖτόνς

638 3513 888 3573 ΖΕΥΣ.
965 3499 1315 3590 Οὐδαμῶς.

641 3614 928 3677 ΗΡΑΚ.
1012 3602 1262 3676 Οὖκοῦν
1313 3604 1627 3688 ἄκουσον,
1688 3593 1741 3673 ὦ
1784 3611 1943 3689 Ζεῦ,
1986 3606 2153 3691 μετὰ
2199 3614 2619 3694 παρρησίας·

469 3712 594 3801 ἐγὼ
649 3711 808 3799 γάρ,
868 3707 959 3791 ὥς
1005 3706 1039 3777 0‘
1087 3708 1374 3795 κωμικὸς
1427 3708 1589 3797 ἔφη,
1654 3703 1959 3795 ἄγροικός
2004 3707 2142 3792 εἰμι
2186 3706 2306 3797 τὴν
2351 3707 2621 3797 σκάφην

469 3815 729 3903 σκάφην
786 3815 1022 3899 λέγων·
1083 3812 1144 3879 εἰ
1193 3806 1474 3879 τοιαῦτά
1517 3810 1662 3877 ἐστι
1702 3810 1786 3877 τὰ
1831 3808 2143 3897 ὑμέτερα,
2202 3808 2423 3896 μακρά
2462 3819 2620 3893 χαί-

470 3943 607 4003 ρειν
652 3916 920 4005 φράσας
947 3928 1097 3993 ταῖς
1143 3914 1209 3980 ἓν
1242 3908 1504 4000 οὐρανῷ
1538 3927 1764 3997 τιμαῖς
1806 3916 1919 3980 καὶ
1962 3919 2151 4001 κνίσῃ
2197 3916 2308 3979 καὶ
2356 3912 2621 3999 ἱερείων

469 4021 706 4105 αἵματι
765 4018 832 4096 ἐς
889 4016 1004 4084 τὸν
1063 4010 1226 4105 ᾅδην
1283 4011 1557 4101 ἄπειμι,
1614 4008 1788 4082 ὅπου
1845 4041 1931 4099 με
1981 4014 2227 4101 γυμνὸν
2283 4014 2369 4081 τὸ.
2420 4015 2620 4095 τόξον
2701 4106 2708 4111 .
