2750 4534
192 468 252 508 c.
290 452 350 508 2.

192 775 249 816 c.
289 761 348 815 4.

998 270 1544 326 lCAROMENIPPUS.
2189 274 2220 329 1
2231 270 2310 329 92
2323 286 2358 325 a

419 447 611 512 οὐδὲν
658 448 865 527 ἐδέησέ
906 469 1019 523 μοι
1064 498 1077 510 .
1128 497 1141 511 .
1191 496 1204 511 .
1255 453 1366 527 τῆς
1411 451 1721 522 κλίμακος
1779 442 1968 510 οὐδὲ
2025 443 2354 510 παιδικὰ

413 552 797 629 γενέσθαι
842 547 865 629 ΙΙ
911 546 1057 612 ου’ὁὲ
1101 554 1248 613 τοῦ
1301 572 1364 611 π.
1415 572 1467 627 γ.
1517 547 1832 613 Schwartz.
1883 584 1966 595 --
2011 545 2173 629 ὑπὲρ
2221 546 2353 612 αὐ-

411 649 553 716 τὸν
597 654 919 718 Δαίδαλον
952 647 977 732 ΙΙ
1008 647 1149 714 τὸν
1194 647 1277 715 Φ.

419 751 570 819 οὔτε
612 750 729 819 τὸν
776 750 1168 835 δημιουργὸν
1211 750 1393 822 οὐτ’
1438 749 1684 835 ἀρχὴν
1729 749 1752 835 ΙΙ
1797 744 1987 818 οὔτε
2030 749 2169 834 τὴν
2216 751 2350 835 ἀρχ.

416 857 605 937 det.,
650 857 971 919 secundum
1004 857 1134 917 cod.
1166 856 1333 935 Urb.,
1370 860 1577 917 contra
1606 858 2012 918 auctoritatem
2043 851 2165 916 ΩΓ
2197 860 2355 917 1324

414 955 483 1020 Φ
510 961 659 1036 Πρε.
718 993 798 1003 -—
857 960 1350 1039 ἐδοκίμαζον
1405 956 1428 1042 ΙΙ
1481 955 1873 1039 ἐδόξαζον
1916 960 1994 1019 Κ.
2041 961 2356 1039 Schwartz,

417 1062 494 1123 cf.
540 1081 593 1122 c.
642 1066 699 1123 8.
744 1096 851 1133 -,
874 1058 1154 1125 αὐτόθεν
1186 1058 1210 1143 ΙΙ
1242 1057 1478 1125 αὐτόθι
1521 1062 1670 1138 UpS.

192 1185 249 1225 c.
289 1170 345 1227 5.
410 1160 577 1246 πρὸς
606 1160 725 1227 τὸν
755 1161 1011 1227 αὐτοῦ
1039 1159 1239 1242 λόγον
1272 1160 1295 1244 ΙΙ
1328 1160 1552 1227 αὑτοῦ.
1588 1196 1670 1207 --
1701 1169 1846 1243 περὶ
1874 1170 2009 1227 τῶν
2054 1161 2318 1227 ὄντων
2339 1160 2358 1243 ΙΙ

416 1290 478 1331 π.
514 1292 565 1331 τ.
602 1262 870 1344 λόγων
915 1260 1092 1328 0211*
1130 1270 1290 1327 1324
1322 1262 1390 1325 Φ
1420 1266 1568 1343 Ups.
1655 1267 1793 1326 Non
1848 1284 2090 1344 possum
2145 1266 2359 1326 adduci

417 1373 482 1440 ut
525 1370 817 1429 assentiar
858 1368 1182 1430 Fritzschio
1200 1413 1219 1447 ,
1278 1370 1382 1444 qui
1436 1387 1546 1445 pro
1588 1374 1724 1431 τῶν
1780 1364 1998 1431 ὄντων
2052 1369 2179 1427 vult
2222 1374 2357 1431 τῶν

420 1468 615 1536 ὅλων.
705 1472 862 1531 Nam
919 1471 993 1532 de
1037 1474 1318 1533 universo
1362 1472 1508 1531 orbe
1551 1475 1839 1532 terrarum
1883 1471 2194 1531 dissentire
2239 1489 2358 1531 non

416 1576 501 1634 ita
556 1574 878 1636 absurdum
938 1578 1059 1652 est,
1118 1573 1227 1634 sed
1286 1573 1445 1649 quod
1489 1574 1722 1633 omnino
1767 1575 1830 1633 in
1872 1571 2359 1650 philosophorum

417 1677 907 1753 disputationibus
962 1681 1128 1737 tanta
1185 1680 1275 1736 est
1330 1678 1754 1736 sententiarum
1822 1676 2155 1736 diversitas.
2264 1675 2356 1735 Of.

415 1781 595 1856 paulo
652 1779 807 1839 infra
852 1774 892 1841 ὅ
934 1782 1000 1841 δε
1053 1774 1323 1843 πάντων
1364 1774 1830 1857 χαλεπώτατον
1876 1774 1976 1841 ὅτι
2018 1781 2171 1858 μηδὲ
2221 1773 2358 1840 ἅτε-

320 1881 325 1886 ’
420 1900 536 1959 ρος
591 1879 847 1961 θατέρῳ
905 1878 1279 1957 λέγοντες
1339 1872 1750 1955 ἀκόλουθον,
1809 1873 1976 1941 ἀλλὰ
2030 1872 2358 1956 μαχόμενα

415 1976 628 2044 πάντα
648 2031 662 2045 .
693 2031 706 2045 .
737 1986 1070 2044 πείθεσθαι
1093 2004 1169 2057 με
1188 1978 1423 2061 ἠξίουν
1448 1999 1500 2044 c.
1528 1984 1564 2041 8
1589 1976 1965 2061 ἐνατιότητα
1989 1975 2199 2059 ὁπόση
2222 1986 2358 2043 τῶν

421 2090 459 2145 λ
475 2079 514 2146 ό
527 2106 566 2161 γ
580 2105 634 2146 ω
648 2106 704 2148 ν.
737 2115 823 2125 -
851 2087 960 2146 καὶ
990 2089 1268 2163 σφαίρας
1298 2107 1479 2160 τινας
1509 2107 1557 2146 π
1571 2106 1608 2147 ο
1623 2108 1644 2146 ι
1659 2106 1697 2145 κ
1714 2090 1787 2146 ίλ
1801 2107 1841 2146 α
1857 2108 1890 2159 ς
1919 2079 2036 2147 τὸν
2068 2078 2358 2163 οὐρανὸν

351 2252 357 2263 ,
424 2189 619 2265 δῆθεν
680 2186 1310 2267 ἐπιμετροῦντες
1355 2228 1371 2246 .
1418 2236 1431 2249 .
1481 2236 1494 2249 .
1545 2182 1570 2268 ΙΙ
1616 2192 2230 2266 ποικίλλοντες,
2276 2218 2362 2228 -

208 3534 259 3574 c.
298 3520 357 3575 7.

206 3637 260 3678 c.
296 3622 357 3678 8.

424 2288 548 2351 ἐπι
565 2292 643 2351 δε
661 2312 681 2349 ι
699 2282 988 2351 κνύντε
1002 2312 1049 2363 ς.
1115 2288 1260 2349 Oum
1289 2287 1654 2364 praecedant
1684 2285 2212 2370 ἀναμετροῦντες,
2250 2283 2385 2350 κα(

421 2387 881 2472 ταγράφοντες,
930 2395 1547 2470 διασχηματίζοντες,
1593 2390 1966 2451 manifestum
1998 2395 2107 2470 est,
2137 2391 2362 2466 requiri

423 2494 485 2551 in
512 2493 716 2552 ultimo
750 2511 988 2568 quoque
1033 2494 1314 2553 orationis
1358 2492 1621 2553 membro
1665 2492 1935 2572 verbum,
1979 2491 2361 2568 quamobrem

424 2598 1048 2671 ποικίλαςωιιίιανί
1070 2598 1131 2655 in
1151 2602 1729 2671 ποικίλλοντες
1753 2594 1830 2655 cf.
1855 2596 2026 2655 Hom.
2050 2595 2118 2654 11.
2143 2596 2358 2672 XVIII,

428 2704 581 2759 590:
672 2699 741 2761 ἐν
799 2702 863 2762 δὲ
912 2695 1119 2780 χορὸν
1178 2704 1472 2762 ποίκιλλε
1527 2703 1910 2778 περίκλυτος
1968 2693 2354 2778 ἀμφιγυήεις.

424 2801 764 2861 Extremum
808 2806 1005 2861 autem
1048 2800 1294 2862 verbum
1339 2819 1416 2861 ex
1459 2804 1653 2881 δῆθεν
1699 2802 1899 2878 colligi
1942 2804 2139 2877 potest
2169 2804 2363 2860 omnia

428 2921 579 2978 quae
638 2908 815 2964 antea
856 2906 1155 2964 nominata
1196 2907 1333 2964 sunt
1376 2905 1710 2983 complecti,
1755 2905 1954 2979 itaque
1994 2923 2113 2965 non
2165 2908 2363 2981 aptam

425 3022 557 3066 esse
601 3005 880 3066 metiendi
922 3005 1327 3086 (ἐπιμετρεῖν)
1370 3024 1598 3084 vocem,
1645 3024 1764 3081 qua
1804 3008 1867 3065 in
1908 3006 2202 3083 prioribus
2245 3007 2364 3064 iam

422 3124 565 3167 usus
597 3111 685 3168 est
710 3105 1159 3187 (ἀναμετρεῖν),
1204 3109 1313 3168 sed
1356 3109 1520 3168 aliud
1560 3110 1963 3168 necessarium
2009 3126 2141 3169 esse
2184 3126 2362 3168 voca-

424 3208 644 3269 bulum.
748 3209 1130 3270 Conieceram
1188 3211 1363 3287 igitur
1422 3205 1942 3285 ἀναπλάττοντες
1997 3214 2364 3286 „imayinem

426 3314 604 3386 quasi
660 3314 820 3373 caeli
875 3314 1281 3391 exprimere“,
1342 3314 1444 3372 vel
1504 3312 1663 3387 quod
1719 3314 1907 3389 magis
1952 3314 2155 3389 placet
2199 3317 2258 3372 et
2300 3315 2361 3371 in

424 3415 688 3490 margine
732 3414 863 3474 cod.
894 3407 945 3472 Γ
976 3415 1193 3491 legitur
1229 3409 1859 3493 ἐπιδεικνύντες,
1903 3424 2361 3477 monstrare.

425 3511 502 3577 τὸ
545 3510 753 3580 ποτὸν
800 3516 883 3593 ἐξ
928 3516 957 3578 ἴ
966 3536 1108 3580 σου
1154 3519 1560 3592 διανέμοντες
1593 3514 1616 3599 ΙΙ
1659 3517 1842 3597 ἑξῆς
1887 3512 1958 3595 Α,
2003 3509 2180 3577 QUI*
2211 3518 2358 3593 Ups.

424 3613 683 3699 ὁπόση
728 3624 864 3681 τῶν
907 3614 1125 3698 λόγων
1159 3614 1181 3699 ΙΙ
1213 3644 1263 3681 τ.
1313 3625 1369 3682 λ.
1421 3615 1628 3697 ὁπόση
1672 3617 1818 3679 Urb.
1864 3651 1946 3662 —-
1992 3618 2317 3681 ἐννοεῖν
2345 3616 2364 3699 ΙΙ

426 3720 792 3784 ἐπινοεῖν
837 3720 998 3781 det.
1046 3714 1191 3797 (ΩΓ
1229 3724 1389 3780 1324
1436 3715 1503 3779 Φ
1546 3714 1746 3795 Ups.).
1793 3717 2361 3797 ἀπεφαίνοντο

424 3856 507 3866 -
555 3820 1011 3901 ἀπέφαινον
1054 3823 1133 3882 Κ.
1166 3823 1482 3883 Schwartz.

432 3920 464 3945 (1
687 3931 716 3944 .-
880 3920 894 3939 ’
1130 3920 1161 3946 cr
1686 3919 1698 3937 ι
1804 3918 1817 3938 o
2040 3926 2052 3945 o

208 3944 260 3987 c.
295 3929 391 3984 10.
424 3948 577 4005 οπη
622 3948 757 3987 των
814 3933 1032 4003 λογων
1065 3922 1088 4003 ΙΙ
1121 3948 1311 3987 οποι
1357 3923 1503 3984 Oob.
1559 3956 1644 3968 —
1698 3947 1941 3987 τουτου
1986 3927 2052 3986 δε
2092 3947 2203 4000 μοι
2247 3947 2364 3987 πα-

424 4040 588 4107 ρεῒχε
631 4022 747 4108 τὴν
794 4028 1017 4090 ἐλπίδα
1059 4023 1335 4102 μάλιστα
1390 4030 1519 4088 καὶ
1575 4022 1612 4105 ἡ
1671 4026 1977 4103 ἐπιθυμία
2021 4032 2128 4090 καὶ
2175 4023 2210 4089 ὁ
2256 4034 2364 4089 λο-

314 4132 485 4177 Lucian
511 4133 570 4176 II.
600 4133 641 4176 2.
1322 4164 1326 4169 ‚
1943 4127 2004 4178 12
2017 4139 2052 4179 a
