2750 4534
422 275 503 333 54
1285 275 1695 340 [ΔΟΥΚΙΑΝΟΥ]

419 443 488 510 ἐκ
552 449 669 534 τῆς
729 444 950 530 χώρας
1017 438 1622 524 ἇποξενωθέντων·
1693 436 1855 525 εἶτ’,
1932 440 2156 528 οἶμαι,
2224 439 2377 512 ἀντὶ
2447 448 2581 512 τῶν

418 549 600 613 θεῶν
648 543 966 614 ἁπάντων
1007 545 1165 625 τοὺς
1209 540 1324 613 ἐπ’
1378 544 1677 635 ἐξαγωγῇ
1724 539 1941 613 αὐτῶν
1992 539 2271 628 ἥκοντας
2330 542 2581 630 ἄνδρας

419 644 806 715 ἐκθειάσετε
862 651 973 716 καὶ
1037 647 1414 734 ἱεροσύλοις
1469 643 1623 730 ὖμῖν
1679 633 1869 714 οῦσιν
1923 647 2173 714 θύσετε
2228 644 2322 724 ὥς
2364 652 2580 726 θεοῖς.

347 759 387 814 8
423 754 481 815 3.
530 748 589 815 εἰ
632 748 758 835 γὰρ
801 748 892 838 μὴ
940 742 1090 817 άντὶ
1141 749 1397 816 τούτων
1433 743 1744 837 Ὀρέστην
1800 751 1913 815 καὶ
1957 748 2275 836 Πυλάδην
2318 751 2579 832 τιμᾶτε,

418 842 568 915 ἀλλ’
621 849 803 933 εἰπέ,
850 859 918 918 τί
963 847 1160 932 ἄλλο,
1205 837 1260 917 ὦ
1314 849 1587 938 Τόξαρι,
1634 844 1899 936 ἀγαθὸν
1941 846 2114 933 ὑμᾶς
2158 849 2577 936 εἰργάσαντο,

417 944 583 1018 ἄνθ’
636 945 831 1034 ὅτου,
893 951 1112 1021 πάλαι
1168 946 1245 1020 οὗ
1291 951 1499 1030 θεοὺς
1560 949 1730 1019 εἶναι
1778 952 2257 1029 δικαιώσαντες
2310 947 2577 1036 αὐτούς,

417 1056 530 1119 νῦν
587 1052 662 1120 τὸ
723 1054 1016 1137 ἔμπαλιν
1073 1054 1410 1133 θύσαντες
1470 1049 1699 1133 αῦτοῖς
1755 1053 1964 1132 θεοὺς
2019 1060 2408 1138 νενομίκατε
2468 1056 2579 1120 καὶ

419 1155 690 1237 ἱερείοις
719 1149 946 1243 ὀλίγου
993 1156 1131 1222 δεῖν
1161 1155 1314 1223 τότε
1354 1161 1735 1242 γενομένοις
1770 1157 1979 1242 ἱερεῖα
2012 1159 2123 1222 νῦν
2164 1155 2578 1240 προσάγετες

414 1256 642 1341 γελοῖα
685 1256 810 1342 γὰρ
858 1248 938 1324 ἂν
981 1261 1193 1324 ταῦτα
1239 1257 1457 1336 δόξειε
1499 1261 1611 1325 καὶ
1656 1254 2023 1325 ὑπεναντία
2058 1270 2203 1336 τοῖς
2246 1257 2493 1325 πάλαι.

594 1362 795 1432 ΤΟΞ.
872 1361 1005 1427 Καὶ
1061 1363 1275 1426 ταῦτα
1331 1364 1489 1445 μέν,
1548 1346 1601 1425 ὦ
1646 1359 2061 1448 Μνήσιππε,
2118 1371 2390 1445 γενναῖα
2442 1362 2577 1425 τῶν

415 1452 674 1544 ἀνδρῶν
731 1460 1032 1542 ἐκείνων,
1093 1461 1134 1528 ἃ
1191 1461 1566 1540 κατέλεξας.
1652 1462 1729 1528 τὸ
1776 1460 1902 1547 γὰρ
1962 1460 2080 1527 δύο
2140 1457 2340 1537 ὄντας
2398 1453 2576 1526 οῦτω

412 1567 581 1647 μέγα
638 1562 946 1651 τόλμημα
1003 1565 1334 1650 τολμῆσαι
1391 1565 1505 1630 καὶ
1570 1566 1891 1630 τοσοῦτον
1958 1555 2097 1628 άπὸ
2165 1565 2285 1647 τῆς
2352 1555 2575 1628 αὖτῶν

415 1655 811 1748 ἀπάραντας
861 1658 1223 1731 ἐκπλεῦσαι
1283 1657 1351 1741 ἐς
1394 1663 1512 1730 τὸν
1557 1664 1821 1730 Πόντον
1869 1656 2237 1749 ἀπείρατον
2282 1662 2385 1730 ἔτι
2428 1678 2577 1740 τοῖς

395 1756 705 1852 Ἕλλησιν
761 1760 925 1832 ὅντα
983 1764 1160 1854 πλὴν
1215 1766 1440 1848 μόνων
1494 1769 1626 1831 τῶν
1682 1758 1800 1832 ἐπὶ
1862 1768 1980 1852 τῆς
2014 1759 2294 1850 Ἀργοῦς
2336 1758 2407 1842 ἐς
2452 1765 2575 1848 τὴν

411 1866 709 1948 Κολχίδα
777 1867 1352 1952 στρατευσάντων,
1419 1867 1508 1956 μὴ
1577 1870 2122 1953 καταπλαγέντας
2182 1866 2347 1954 μήτε
2412 1866 2574 1944 τοὺς

410 1966 674 2050 μύθους
738 1966 895 2046 τούς
961 1967 1027 2036 ἐν
1097 1963 1275 2055 αὐτῷ
1338 1969 1507 2055 μήτε
1569 1969 1689 2054 τὴν
1744 1975 2200 2057 προσηγορίαν
2256 1969 2573 2036 καταδεί-

414 2092 692 2154 σαντας,
751 2062 858 2136 ὅτι
904 2067 1132 2148 ἄξενος
1175 2065 1503 2152 ἐκαλεῖτο,
1564 2070 1709 2151 οἶα,
1770 2067 1989 2154 οἶμαι,
2049 2064 2295 2156 ἆγρίων
2339 2064 2573 2137 ἐθνῶν

410 2165 960 2254 περιοικούντων,
1035 2177 1148 2241 καὶ
1217 2172 1451 2261 ἐπειδὴ
1528 2172 1862 2252 ἑάλωσαν,
1954 2165 2165 2250 οῦτως
2240 2165 2571 2255 ἀνδρείως

404 2266 794 2360 χρήσασθαι
837 2276 933 2360 τῷ
976 2275 1321 2361 πράγματι
1350 2278 1465 2342 καὶ
1495 2273 1584 2363 μὴ
1632 2268 1981 2363 ἀγαπῆσαι
2011 2273 2071 2342 εἰ
2116 2275 2569 2362 διαφυλάξον-
2586 2287 2656 2337 511
2724 2259 2726 2270 ’

406 2398 522 2440 ται
551 2373 776 2457 μόνον,
827 2369 995 2441 ἀλλὰ
1040 2381 1628 2465 τιμωρησαμένους
1671 2375 1789 2444 τὸν
1830 2377 2115 2460 βασιλέα
2148 2379 2267 2465 τῆς
2312 2370 2570 2463 ῦβρεως

406 2474 517 2538 καὶ
574 2471 693 2558 τὴν
735 2469 1048 2559 Ἄρτεμιν
1107 2467 1569 2558 ἀναλαβόντας
1626 2467 2061 2541 ἀποπλεῦσαι
2073 2527 2091 2556 ,
2150 2478 2299 2552 πῶς
2351 2487 2567 2543 ταῦτα

407 2566 484 2638 οὗ
529 2575 898 2658 θαυμαστὰ
941 2579 1054 2642 καὶ
1097 2580 1300 2655 θείας
1341 2575 1527 2654 τινὸς
1568 2579 1765 2664 τιμῆς
1823 2572 1980 2654 ἄξια
2030 2574 2219 2661 παρὰ
2264 2576 2565 2658 πάντων,

403 2669 656 2741 ὁπόσοι
703 2669 941 2764 ἀρετὴν
987 2676 1405 2761 ἐπαινοῦσιν;
1454 2671 1627 2760 ἀτὰρ
1674 2670 1750 2743 οὗ
1799 2680 2013 2743 ταῦτα
2054 2673 2247 2765 ἡμεῖς
2285 2671 2563 2765 Ὀρέστῃ

403 2779 516 2842 καὶ
560 2776 840 2864 Πυλάδῃ
888 2776 1218 2856 ἐνιδόντες
1259 2773 1513 2867 ’ἥρωσιν
1559 2771 1786 2856 αὐτοῖς
1823 2778 2168 2863 χρώμεθα.

582 2885 642 2943 4.
689 2883 986 2946 ΜΝΗΣ.
1054 2885 1310 2966 Λέγοις
1355 2871 1437 2945 ἂν
1478 2876 1603 2969 ἤδη
1650 2872 1690 2946 δ’
1716 2905 1786 2947 τι
1826 2905 1901 2966 γε
1931 2878 2171 2963 σεμνὸν
2215 2882 2324 2946 καὶ
2365 2885 2567 2949 θεῖον

405 2974 570 3044 ἄλλο
618 2977 1104 3065 ἐξειργάσαντο.
1195 2980 1344 3048 ἐπεὶ
1390 2974 1553 3048 ὅσον
1598 2980 1713 3048 ἐπὶ
1757 2985 1854 3068 τῷ
1888 2984 2044 3067 πλῷ
2087 2983 2197 3048 καὶ
2250 2985 2335 3070 τῇ
2382 2977 2563 3049 ἀπο·
2726 2951 2728 3084 l

405 3080 614 3167 δημίᾳ
668 3079 960 3159 πολλοὺς
1029 3078 1108 3148 ἄν
1169 3105 1280 3148 σοι
1333 3087 1725 3167 θειοτέρους
1791 3081 2054 3150 ἐκείνων
2119 3077 2559 3167 ἀποδείξαιμι
2726 3099 2728 3120 ²

401 3179 560 3258 τοὺς
619 3179 988 3265 ἐμπόρους,
1045 3187 1157 3250 καὶ
1208 3179 1503 3268 μάλιστα
1557 3185 1713 3262 τοὺς
1762 3190 2083 3262 Φοίνικας
2142 3180 2387 3265 αὐτῶν,
2444 3181 2563 3252 οὐκ

405 3281 472 3359 ἐς
514 3280 633 3350 τὸν
679 3282 946 3350 Πόντον
992 3279 1144 3351 οῦδὲ
1186 3281 1340 3372 ἄχρι
1384 3289 1502 3374 τῆς
1531 3285 1932 3364 Μαιώτιδος
1976 3289 2084 3354 καὶ
2131 3291 2249 3353 τοῦ
2280 3289 2561 3354 Βοσπό-

403 3408 521 3469 ρου
589 3383 796 3468 μόνον
863 3384 1305 3468 ἐσπλέοντας,
1375 3380 1546 3454 ἀλλὰ
1614 3391 1961 3469 πανταχοῦ
2023 3391 2141 3476 τῆς
2190 3384 2561 3474 Ἑλληνικῆς

399 3488 512 3553 καὶ
565 3491 976 3576 βαρβαρικῆς
1039 3489 1387 3577 θαλάττης
1452 3491 2032 3574 ναυτιλλομένους·
2102 3482 2375 3556 ἅπασαν
2431 3490 2557 3575 γὰρ

401 3581 589 3656 οὗτοι
650 3582 851 3675 άκτὴν
906 3591 1016 3656 καὶ
1075 3589 1299 3656 πάντα
1357 3589 1695 3676 αἰγιαλόν,
1764 3585 1857 3668 ὥς
1915 3590 2162 3672 εἰπεῖν,
2222 3591 2557 3679 διερευνη-

400 3689 682 3773 σάμενοι
723 3686 890 3756 καθ’
957 3690 1232 3758 ἕκαστον
1290 3691 1440 3768 ἔτος
1495 3687 1629 3778 ὀψὲ
1684 3696 1804 3758 τοῦ
1861 3691 2257 3776 μετοπώρου
2310 3687 2379 3770 ἐς
2436 3691 2556 3778 τὴν

400 3784 619 3857 αὐτῶν
664 3790 1043 3860 ἐπανίασιν.
1132 3792 1248 3870 οὓς
1301 3792 1472 3860 κατὰ
1529 3793 1645 3860 τὸν
1707 3787 1909 3860 αὐτὸν
1955 3792 2148 3878 λόγον
2192 3792 2399 3871 θεοὺς
2445 3794 2554 3860 νό-

397 3891 576 3975 μιζε,
644 3896 754 3960 καὶ
814 3896 1027 3961 ταῦτα
1080 3890 1424 3981 καπήλους
1478 3898 1587 3963 καὶ
1647 3894 2155 3981 ταριχοπώλας,
2224 3894 2285 3960 εἰ
2344 3895 2551 3976 τύχοι,

397 3991 554 4070 τοὺς
598 3993 889 4071 πολλοὺς
935 3988 1152 4062 αῦτῶν
1197 3992 1414 4073 ὄντας.
