2750 4534
833 271 1115 326 ΤΟΞΑΡΙΣ
1149 273 1194 325 Η
1229 272 1433 328 omn.
2154 273 2234 332 69

103 436 273 526 ἀνδρὶ
331 441 594 509 ἐκείνων
640 435 848 530 ἀήθει
904 443 1016 508 καὶ
1063 433 1447 528 ἀμελετήτῳ
1506 440 1679 528 πρὸς
1725 439 1901 508 οὕτω
1948 445 2235 532 σκληρὰν

102 542 204 627 τὴν
247 544 528 612 δίαιταν.
597 549 699 611 30.
749 536 1286 629 ἀπαγορεύοντος
1331 543 1405 608 δὲ
1436 537 1641 609 αὐτοῦ
1683 547 1797 611 καὶ
1831 545 2001 632 μηδὲ
2048 555 2331 613 σῖτονδθ

29 665 89 712 539
107 645 436 727 αἱρεῖσθαι
464 650 788 724 θέλοντος
835 639 1222 732 ἀφικνεῖταί
1265 670 1437 712 ποτε
1478 641 1657 712 καὶὸ
1692 645 2078 735 Δημήτριος
2123 643 2237 715 οὗ·

103 746 197 812 δὲν
239 746 432 826 εἰδώς
471 752 605 814 τῶν
649 743 773 836 ἤδη
818 751 1284 836 γεγενημένων.
1357 749 1471 814 καὶ
1514 746 1749 836 ἐπειδὴ
1800 747 2085 831 ἔμαθεν,
2146 747 2238 828 ὥς

104 844 251 930 εἶχεν
316 844 522 927 εὐθὺς
588 849 702 916 ἐπὶ
761 848 837 916 τὸ
902 847 1358 933 δεσμωτήριον
1428 848 1748 936 δρομαῖος
1805 848 2030 916 ἐλθών
2083 851 2240 918 τότε

102 951 204 1032 μὲν
260 945 376 1018 ούκ
431 951 810 1038 εἰσεδέχθη,
879 949 1135 1038 ἑσπέρα
1190 949 1317 1036 γὰρ
1373 937 1484 1037 ἦν,
1542 954 1654 1018 καὶ
1712 947 1746 1017 o‘
1811 952 2243 1040 δεσμοφύλαξ

102 1052 297 1120 πάλαι
349 1051 694 1132 κεκλεικὼς
751 1051 872 1140 τὴν
927 1053 1148 1140 θύραν
1209 1045 1537 1119 ἐκάθευδε
1582 1068 1899 1141 φρουρεῖν
1941 1067 2085 1134 τοῖς
2138 1055 2241 1122 οἰ·-

102 1160 300 1234 κέταις
366 1155 1068 1244 παρακελευσάμενος·
1143 1154 1361 1221 ἕωθεν
1436 1155 1510 1222 δὲ
1577 1153 1943 1240 εἰσέρχεται
2016 1156 2240 1224 πολλὰ

105 1256 448 1336 ἱκετεύσας·
493 1262 602 1324 καὶ
651 1255 1020 1341 παρελθών
1067 1255 1184 1325 ἐπὶ
1230 1256 1408 1323 πολὺ
1452 1259 1574 1340 μὲν
1618 1257 1831 1348 ἐζήτει
1874 1258 1992 1326 τὸν
2021 1255 2243 1327 Ἀντί-

103 1360 281 1444 φιλον
339 1355 588 1448 ἄδηλον
644 1356 779 1426 ὖπὸ
837 1363 972 1426 τῶν
1025 1362 1240 1426 κακῶν
1297 1363 1724 1446 γεγενημένον
1788 1362 1899 1426 καὶ
1955 1359 2241 1446 περιιών

105 1454 518 1528 ἀνεσκοπεῖτο
586 1455 750 1527 καθ’
815 1461 1090 1528 ἕκαστον
1143 1464 1278 1527 τῶν
1339 1461 1731 1544 δεδεμένων,
1800 1455 2029 1545 ὥσπερ
2088 1461 2241 1528 εἰώ-

105 1567 290 1630 θασιν
347 1564 417 1630 οἱ
472 1562 628 1641 τοὺς
672 1563 958 1642 οἰκείους
1001 1557 1285 1649 νεκρούς,
1330 1558 1457 1652 ἤδη
1504 1562 1727 1630 ἑώλων
1770 1559 2017 1645 ὄντων,
2077 1558 2241 1630 ἀνα-

107 1663 431 1752 ζητοῦντες
475 1664 543 1732 ἐν
574 1679 726 1744 ταῖς
756 1664 1197 1750 παρατάξεσι.
1263 1667 1377 1732 καὶ
1409 1665 1476 1732 εἲ
1499 1690 1573 1751 γε
1600 1663 1691 1753 μὴ
1722 1661 2017 1750 τοῦνομα
2048 1665 2243 1754 ἐβόη-

106 1789 228 1848 σεν,
279 1766 672 1855 Ἀντίφιλον
717 1772 1190 1850 Δεινομένους,
1249 1756 1370 1834 κάν
1416 1765 1532 1834 ἐπὶ
1579 1767 1752 1834 πολὺ
1797 1761 2115 1856 ἠγνόησεν
2160 1759 2243 1836 ἀν

105 1860 271 1948 ὅστις
313 1856 428 1957 ἦν,
474 1873 796 1936 τοσοῦτον
839 1865 1126 1957 ἤλλακτο
1172 1865 1308 1935 ὖπὸ
1355 1873 1491 1935 τῶν
1537 1870 1793 1937 δεινῶν.
1870 1867 1961 1948 ὡς
2006 1872 2079 1937 δὲ
2122 1871 2243 1959 τὴν

107 1971 311 2058 φωνὴν
377 1971 788 2056 αἰσθόμενος
846 1966 1166 2059 ἀνεβόησε
1223 1975 1334 2038 καὶ
1396 1967 1801 2057 προσιόντος
1861 1974 2245 2052 διαστείλας

105 2071 206 2160 τὴν
257 2074 469 2162 κόμην
525 2077 638 2140 καὶ
696 2073 1064 2160 ἀπαγαγών
1121 2077 1241 2140 τοῦ
1297 2074 1673 2158 προσώπου
1735 2069 2073 2164 αυχμηράν
2128 2078 2240 2142 καὶ

109 2176 682 2264 συμπεπιλημένην
739 2175 984 2252 ἔδειξεν
1045 2171 1247 2242 αὑτὸν
1293 2168 1481 2253 όστις
1524 2161 1636 2265 ἦν,
1696 2171 1902 2264 α’μφω
1955 2177 2077 2259 μὲν
2124 2203 2244 2243 αυ-

108 2281 237 2341 τίκα
280 2283 654 2344 πίπτουσιν
712 2275 1199 2363 ιλιγγιάσαντες
1257 2275 1374 2343 επὶ
1428 2281 1510 2364 τῇ
1558 2269 2040 2366 ἀπροσδοκήτῳ
2086 2283 2241 2366 θέᾳ.

104 2377 298 2464 χρόνῳ
361 2378 435 2445 δὲ
481 2373 835 2462 ἀναλαβών
883 2373 1084 2445 αὖτόν
1139 2403 1214 2444 τε
1256 2383 1368 2445 καὶ
1425 2377 1543 2444 τὸν
1578 2371 1971 2466 Ἀντίφιλον
2018 2375 2052 2446 o‘
2101 2385 2244 2467 Δη-

106 2479 365 2599 μήτριος
423 2482 532 2546 καὶ
581 2483 818 2567 σαφῶς
880 2478 1122 2546 έκαστα
1179 2474 1271 2557 ὥς
1327 2476 1499 2561 εἶχεν
1555 2478 2017 2564 ἐκπυθόμενος
2068 2475 2237 2564 παρ’

111 2575 292 2648 αὐτοῦ
337 2589 625 2666 θαρρεῖν
666 2606 742 2647 τε
771 2580 1298 2667 παρακελεύεται
1340 2585 1454 2648 καὶ
1500 2579 1819 2647 διελώντ
1780 2579 1856 2646 τὸ
1890 2580 2245 2668 τριβώνιον

108 2681 170 2748 τὸ
214 2685 332 2767 μὲν
391 2675 594 2770 ήμισυ
655 2677 856 2761 αὐτὸς
919 2679 1535 2767 ἀναβάλλεται,τὸ
1599 2680 1841 2748 λοιπόν
1901 2682 1973 2748 δὲ
2019 2680 2250 2770 εκείνῳ

111 2783 447 2852 δίδωσιν
418 2813 460 2851 α
493 2781 626 2866 εἶχε
670 2783 947 2878 πιναρὰ
967 2787 1078 2850 καὶ
1125 2783 1651 2871 εκτετρυχωμένα
1695 2777 1858 2872 ῥάκη
1905 2784 2247 2870 περισπά-

30 2897 240 2964 54οσας.
316 2895 419 2956 31.
465 2891 577 2954 καὶ
621 2886 696 2954 τὸ
733 2880 871 2954 ἀπὸ
918 2886 1158 2953 τούτου
1204 2885 1431 2953 πάντα
1475 2886 1729 2974 τρόπον
1775 2890 1973 2976 συνῆν
2010 2887 2245 2971 ἒπιμε-
2274 2891 2347 2948 31

112 2988 412 3073 λούμενος
475 2983 680 3056 αὐτοῦ
740 2991 853 3055 καὶ
909 2988 1344 3076 θεραπεύων·
1414 2988 1761 3076 παραδοὺς
1825 2988 1949 3074 γὰρ
2011 2988 2247 3056 ἑαυτὸν

110 3104 236 3168 τοῖς
291 3092 360 3158 ἐν
403 3093 501 3176 τῷ
549 3092 766 3175 λιμένι
811 3090 1138 3176 ἐμπόροις
1186 3091 1403 3159 ἕωθεν
1462 3089 1529 3170 ἒς
1571 3096 1779 3180 μέσην
1836 3088 2087 3178 ἡμέραν
2135 3087 2249 3158 οὐκ

111 3183 317 3279 ὀλίγον
365 3186 702 3279 ἀπέφερεν
749 3186 1179 3280 ἀχθοφορῶν.
1253 3187 1381 3260 εἶτ’
1435 3192 1835 3260 ἐπανελθών
1888 3184 1970 3259 ἀν
2017 3193 2083 3258 ἐκ
2127 3197 2249 3260 τοῦ

109 3292 312 3379 ἔργου,
373 3299 573 3382 μέρος
627 3295 750 3378 μὲν
804 3305 922 3361 τοῦ
976 3299 1236 3378 μισθοῦ
1295 3299 1393 3381 τῷ
1438 3290 1898 3382 δεσμοφύλακι
1952 3301 2249 3379 καταβα-

111 3395 227 3462 λῶν
270 3395 565 3463 τιθασὸν
611 3393 793 3482 αὗτῷ
848 3400 956 3464 καὶ
1005 3395 1334 3485 εἰρηνικὸν
1396 3391 1832 3483 ἀπειργάζετο
1881 3390 2111 3476 αὐτόν,
2168 3394 2245 3462 τὸ

112 3497 338 3564 λοιπὸν
407 3500 480 3565 δὲ
546 3497 612 3574 ἐς
674 3497 794 3586 τὴν
859 3502 980 3564 τοῦ
1043 3501 1246 3586 φίλου
1311 3504 1695 3584 θεραπείαν
1764 3499 2002 3574 ἱκανως
2070 3490 2250 3582 αὐτῷ

111 3597 365 3686 διήρκει.
440 3604 550 3667 καὶ
595 3599 718 3677 τὰς
759 3600 880 3682 μὲν
925 3597 1174 3686 ἡμέρας
1220 3603 1419 3690 συνῆν
1474 3604 1571 3686 τῷ
1614 3601 1979 3687 Ἀντιφίλῳ
2024 3623 2249 3683 παρα-

111 3703 553 3786 μυθούμενος,
601 3702 752 3770 επεὶ
799 3703 870 3770 δὲ
915 3702 1034 3781 νυξ
1072 3703 1459 3785 καταλάβοι,
1507 3697 1732 3822 ὀλίγον
1777 3698 1911 3788 πρὸ
1958 3703 2074 3788 τῆς
2119 3701 2250 3765 θυ-

112 3825 219 3883 ρας
247 3808 367 3871 τοῦ
400 3804 856 3893 δεσμωτηρίου
889 3804 1238 3889 στιβάδιόν
1282 3832 1349 3872 τι
1382 3803 1839 3922 ποιησάμενος
1883 3805 1994 3869 καὶ
2028 3801 2251 3889 φύλλα

111 3898 606 3990 ὖποβαλόμενος
650 3902 1044 3974 ἀνεπαύετο.
1105 3906 1343 3990 χρόνον
1387 3906 1509 3989 μὲν
1542 3931 1655 3972 ουν
1700 3931 1853 3971 τινα
1885 3895 2057 3971 ούτω
2106 3904 2251 3990 διῆ-

111 4031 248 4090 γον,
307 4007 534 4076 εἰσιων
578 4009 698 4091 μὲν
743 4005 778 4074 ὃ
827 4008 1212 4096 Δημήτριος
1258 4005 1640 4089 ἀκωλύτως,
1700 4008 1862 4096 ῥᾷον
1909 4007 1980 4072 δὲ
2028 4011 2253 4093 φέρων
