2750 4534
917 262 1080 315 ΖΕΥΣ
1113 260 1485 316 ΤΡΑΓΩιΔΟΣ.
2154 257 2273 316 109

297 435 618 499 ΑΠΟΛ.
662 434 842 512 Πῶς,
889 417 944 497 ὦ
981 434 1219 552 Μῶμε,
1266 429 1549 498 δυνατὸν
1593 444 1816 498 ποιεῖν
1860 434 2070 496 ταῦτα
2114 423 2281 517 μήτε

125 535 458 621 τρίποδος
498 530 658 622 ἡμῖν
687 532 1026 618 παρόντος
1067 534 1232 620 μήτε
1275 532 1727 618 θυμιαμάτων
1768 524 1811 618 ἢ
1856 536 2072 621 πηγῆς
2113 558 2280 615 μαν-

126 640 334 738 τικῆς,
385 637 497 702 οιά
539 632 577 723 ἦ
626 638 979 702 Κασταλία
1027 634 1242 717 gottw,-

301 740 558 803 ΜΩΜ.
624 732 854 826 Ὁρᾷςς
909 736 1431 823 ἀποδιδράσκεις
1481 735 1599 804 τὸν
1658 735 1917 823 έλεγχον
1962 734 2029 803 ἐν
2073 738 2283 819 στενῷ

129 839 464 924 ἐχόμενος.

332 946 582 1008 ΖΕΥΣ.
621 939 863 1024 Ὅμως,
911 967 962 1005 ω
1009 944 1266 1018 τέκνον,
1315 939 1465 1007 εἰπὲ
1509 942 1618 1008 καὶ
1663 937 1751 1027 μὴ
1800 939 2146 1026 παράσχῃς
2189 940 2285 1023 τῷ

132 1047 520 1133 συκοφάντῃ
577 1042 792 1128 τούτῳ
852 1035 1165 1129 ἀφορμὰς
1222 1041 1609 1127 διαβάλλειν
1660 1045 1772 1109 καὶ
1809 1041 2145 1126 χλευάζειν
2202 1040 2286 1107 τὰ

132 1147 218 1215 σὰ
269 1144 365 1224 ὡς
412 1146 526 1213 ἐπὶ
571 1146 850 1231 τρίποδι
894 1147 1002 1210 καὶ
1047 1144 1243 1211 ὕδατι
1288 1148 1400 1211 καὶ
1448 1146 1801 1232 λιβανωτῷ
1842 1150 2130 1229 κείμενα,
2177 1140 2289 1224 ὥς,

129 1276 192 1317 ει
238 1248 332 1335 μὴ
383 1247 559 1331 ε’χοις
600 1250 832 1323 ταῦτα,
878 1246 1459 1367 στερη-θησόμενος
1502 1250 1620 1335 τῆς
1661 1252 1908 1335 τέχνης.

308 1353 627 1418 ΑΠΟΛ.
657 1345 976 1433 ’Ἀμεινον
1006 1349 1126 1433 μὲν
1169 1335 1280 1439 ἦν,
1327 1348 1380 1415 ὠ
1411 1349 1646 1435 πάτερ,
1696 1348 1762 1416 έν
1792 1341 2161 1438 Δελφοῖς’
2134 1378 2173 1438 η
2222 1376 2289 1416 εν

131 1457 503 1543 Κολοφῶνι
559 1451 644 1519 τὰ
701 1455 981 1519 τοιαῦτα
1039 1466 1290 1533 ποιεῖν,
1348 1449 1670 1519 ἁπάντων
1724 1476 1843 1536 μοι
1884 1456 2019 1519 τῶν
2059 1461 2291 1541 χρησί-

129 1583 284 1642 μων
314 1555 692 1642 παρόντων,
741 1550 832 1633 ὥς
877 1555 1061 1633 ε’θος.
1130 1548 1314 1639 όμως
1361 1555 1433 1621 δὲ
1462 1558 1574 1621 καὶ
1620 1580 1793 1622 ουτω
1835 1553 2080 1640 γυμνὸς
2124 1554 2291 1623 ἐκεί-

136 1686 274 1726 νων
304 1660 418 1725 καὶ
457 1681 732 1735 ασκευος
778 1657 1193 1743 πειράσομαι
1235 1670 1593 1743 προειπεῖν
1638 1653 1968 1739 ὁποτέρου
2011 1656 2085 1724 τὸ
2133 1658 2292 1743 κρά-

31 1774 255 1838 θτθτος
303 1760 526 1828 ε’σται·
573 1752 897 1836 ἀνέξεσθε
944 1759 1034 1839 δέ,
1083 1758 1142 1825 εἰ
1186 1757 1276 1848 μὴ
1325 1758 1619 1844 ε’μμετρα
1663 1761 1942 1843 λέγοιμι.

319 1864 574 1927 ΜΩΜ.
662 1865 877 1946 Λέγε,
925 1863 1113 1949 σαφῆ
1158 1861 1231 1927 δὲ
1273 1860 1511 1945 μόνον,
1558 1886 1611 1927 ω
1640 1857 2016 1941 ’Ἀπολλον,
2060 1863 2168 1928 καὶ
2216 1855 2292 1927 οὗ

141 1963 504 2051 ξυνηγόρου
560 1964 671 2029 καὶ
731 1956 899 2030 αὐτὰ
964 1952 1006 2050 ἢ
1063 1961 1395 2049 ἑρμηνέως
1452 1962 1765 2047 δεόμενα·
1832 1966 1943 2030 καὶ
1996 1961 2121 2049 γὰρ
2180 1956 2297 2030 οὗκ

143 2090 383 2151 αρνεια
439 2069 600 2149 κρέα
640 2068 754 2132 καὶ
805 2059 1055 2152 χελώνη
1103 2068 1216 2131 νῦν
1275 2064 1343 2132 ἐν
1387 2064 1623 2154 Λυδίᾳ
1676 2065 2064 2153 ξυνέψεται·
2126 2062 2296 2131 ἀλλὰ

143 2166 366 2237 οἶσθα
411 2170 566 2254 περὶ
613 2160 769 2234 ότου
811 2162 850 2253 ἦ
899 2172 1156 2249 σκέψις.
1190 2205 1273 2266 -ἶ-

324 2274 574 2335 ΖΕΥΣ.
628 2274 715 2335 Τί
757 2262 918 2336 ποτ’
973 2268 1160 2356 ἐρεῖς,
1207 2266 1259 2334 ὠ
1306 2274 1569 2351 τέκνον,·
1625 2266 1714 2348 ὥς
1758 2270 1841 2334 τά
1883 2294 1957 2356 γε
2002 2269 2134 2356 πρὸ
2181 2273 2299 2336 τοῦ

139 2375 447 2462 χρησμοῦ
476 2375 686 2438 ταῦτα
715 2366 840 2459 ἤδη
874 2370 1162 2459 φοβερά·
1204 2368 1244 2459 ἡ
1271 2371 1441 2458 χρόα
1469 2378 1898 2462 τετραμμένη,
1932 2373 1997 2439 οἱ
2027 2366 2301 2460 ὃφθαλ-
2331 2414 2335 2418 -

146 2478 266 2560 μοὶ
302 2487 710 2598 περιφερεῖς,
756 2468 796 2560 ἡ
826 2472 993 2560 κόμη
1028 2468 1548 2561 ἀνασοβουμένη,
1592 2472 1669 2541 τὸ
1706 2480 1947 2560 κίνημα
1977 2479 2299 2559 κορυβαν-

146 2578 366 2654 τῶδες
394 2578 505 2641 καὶ
551 2566 724 2651 όλως
751 2574 1080 2659 κατόχιμα
1110 2574 1334 2641 πάντα
1363 2578 1477 2641 καὶ
1522 2576 1818 2664 φρικωδη
1849 2578 1958 2643 καὶ
1993 2576 2297 2660 μυστικά.

47 2690 130 2739 677
329 2684 430 2747 31.
494 2680 806 2744 ΑΠΟΛ.
895 2679 1183 2743 Κέκλυτε
1246 2676 1665 2760 μαντιπόλου
1729 2668 1887 2745 τόδε
1948 2682 2300 2766 θέσφατον
2328 2687 2401 2743 31

1373 2777 1806 2857 Λπόλλωνος

239 2872 420 2966 ἀμφ’
474 2878 692 2965 έριδος
735 2883 1024 2965 κρυερῆς,
1070 2878 1188 2969 τὴν
1234 2874 1461 2966 ἀνέρες
1506 2880 1867 2971 ἐστήσαντο

240 2977 524 3065 ὀξυβόαι
567 2980 856 3065 μύθοισι
898 2980 1378 3066 κορυσσόμενοι
1421 2997 1784 3051 πυκινοῖσι.

243 3082 470 3151 πολλὰ
513 3082 639 3170 γὰρ
686 3082 856 3149 ἔνθα
900 3088 1012 3151 καὶ
1058 3083 1229 3151 ἔνθα
1272 3088 1501 3168 μόθου
1547 3084 1881 3173 ἑτεραλκέϊ
1922 3088 2203 3173 κλωγμῷ

241 3190 540 3273 ταρφέος
585 3180 751 3270 άκρα
794 3185 1092 3271 κόρυμβα
1136 3187 1726 3277 καταπλήσσουσιν
1772 3188 2051 3278 ἐχέτλης.

247 3282 404 3355 ἀλλ’
454 3280 615 3354 ὅταν
660 3288 976 3373 αἰγυπιὸς
1017 3290 1460 3374 γαμψώνυχος
1504 3288 1744 3377 ἀκρίδα
1785 3294 2045 3379 μάρψῃ,

61 3404 140 3455 6ῖ8
246 3390 330 3480 δὴ
374 3389 528 3457 τότε
571 3391 886 3458 λοίσθιον
929 3384 1351 3479 ὀμβροφόροι
1394 3392 1747 3480 κλάγξουσι
1789 3398 2097 3478 κορῶναι.

247 3499 394 3578 νίκη
443 3486 507 3557 δ’
557 3488 870 3580 ἡμιόνων,
919 3489 953 3559 ὅ
1003 3488 1068 3559 δ’
1120 3489 1274 3573 ὄνος
1317 3494 1459 3562 θοὰ
1501 3500 1694 3562 τέκνα
1742 3495 2043 3581 κορύψει.

335 3598 587 3660 ΖΕΥΣ.
681 3601 766 3661 Τι’
823 3599 1018 3661 τοῦτο
1066 3590 1557 3683 ἀνεκάγχασας,
1616 3584 1671 3661 ὦ
1716 3602 1975 3681 Μῶμε,·
2030 3601 2141 3663 καὶ
2184 3595 2313 3685 μὴν

163 3690 242 3765 οὗ
299 3698 532 3783 γελοῖα
572 3690 658 3763 τὰ
707 3696 774 3763 ἒν
819 3704 1018 3765 ποσί·
1079 3700 1340 3765 παῦσαι
1383 3698 1821 3782 κακόδαιμον,
1882 3693 2311 3788 ἀποπνιγήσῃ

163 3796 300 3867 ὖπό
349 3802 468 3865 τοῦ
510 3800 816 3884 γέλωτος.
2258 3860 2262 3869 .

337 3902 594 3967 ΜΩΜ.
682 3903 820 3967 Καὶ
865 3905 1013 3979 πῶς
1059 3902 1366 3983 δυνατόν,
1426 3888 1481 3967 ὦ
1526 3905 1677 3981 Ζεῦ,
1725 3897 1837 3991 ἐφ’
1892 3897 2065 3971 οῧτω
2112 3921 2319 3995 σαφεῖ

165 4005 280 4070 καὶ
327 4002 647 4091 προδήλῳ
692 4007 789 4088 τῷ
828 4007 1138 4091 nomm,-
