2750 4534
451 248 573 308 128
1338 250 1710 306 Aorxlmor

449 426 602 487 σίαν
657 418 732 486 τὸ
778 419 900 501 μὲν
941 425 1212 505 χρυσίον
1263 422 1378 487 καὶ
1422 419 1497 485 τὸ
1544 414 1855 507 ἀργύριον
1914 418 2245 498 ἐξαντλεῖν
2306 418 2609 506 σκάφαις

448 523 586 588 τισὶ
631 516 952 608 μεγάλαις
1000 516 1242 589 ἇέναόν
1283 547 1358 588 τε
1401 526 1513 590 καὶ
1558 523 1733 590 πολὺ
1781 522 2109 609 ἐπιρρέον,
2155 522 2239 587 τὰ
2286 516 2353 588 δ’
2406 518 2601 597 ἄλλα,

446 622 567 713 τὴν
624 623 882 710 ἐσθῆτα
937 627 1046 691 καὶ
1107 624 1441 708 τραπέζας
1494 629 1609 692 καὶ
1654 624 2020 707 ἐκπώματα
2072 628 2181 691 καὶ
2229 624 2602 703 διακόνους,

447 725 671 792 πάντα
716 725 844 809 ἐμὰ
889 722 978 804 ὥς
1013 727 1088 793 τὸ
1125 725 1300 804 εἰκὸς
1343 724 1535 794 εἶναι.
1625 724 1771 793 εἶτα
1815 726 2169 816 ἐξήλαυνον
2214 724 2330 793 ἐπὶ
2366 724 2602 793 λευκοῖ-

451 828 738 913 ζεύγους,
786 827 1226 909 ἐξυπτιάζων,
1274 830 1725 917 περίβλεπτος
1768 828 1990 895 ἅπασι
2041 843 2186 907 τοῖς
2228 825 2437 913 ὁρῶσι
2482 834 2595 896 καὶ
2622 841 2723 891 ’120

449 929 850 1017 ἐπίφθονος.
925 932 1033 995 καὶ
1067 935 1408 1014 προέθεον
1454 932 1698 998 πολλοὶ
1740 934 1855 997 καὶ
1884 934 2317 1015 προΐππευον
2358 934 2465 997 καὶ
2504 934 2603 998 εἵ-

450 1057 658 1098 ποντο
705 1034 998 1110 πλείους.
1073 1031 1196 1118 ἐγώ
1247 1032 1320 1100 δὲ
1348 1030 1469 1120 τὴν
1515 1031 1777 1122 ἐσθῆτα
1818 1032 1939 1121 τὴν
1984 1032 2233 1100 ἐκείνου
2280 1033 2440 1116 ἔχων
2485 1039 2602 1101 καὶ

450 1133 838 1212 δακτυλίους
890 1140 1120 1219 βαρεῖς
1175 1132 1336 1202 ὅσον
1382 1135 1723 1203 ἑκκαίδεκα
1782 1134 2141 1224 ἐξημμένος
2184 1140 2315 1202 τῶν
2359 1136 2600 1202 δακτύ-

450 1239 582 1301 λων
645 1234 938 1303 ἐκέλευον
993 1236 1295 1304 ἑστίασίν
1347 1263 1503 1304 τινα
1561 1236 1878 1323 λαμπρὰν
1924 1232 2453 1326 εὐτρεπισθῆναι
2502 1240 2603 1317 εἰς

447 1335 781 1426 ὑποδοχὴν
823 1342 956 1406 τῶν
985 1341 1233 1427 φίλων·
1281 1340 1348 1406 οἱ
1380 1340 1451 1405 δὲ
1496 1336 1587 1417 ὥς
1618 1338 1687 1405 ἐν
1716 1333 1955 1427 ὀνείρῳ
2002 1339 2177 1419 εἰκὸς
2219 1336 2343 1429 ἤδη
2376 1346 2601 1429 παρῆ-

451 1466 574 1508 σαν
616 1444 726 1508 καὶ
755 1440 830 1509 τὸ
867 1442 1137 1508 δεῖπνον
1171 1437 1320 1526 ἄρτι
1353 1442 1793 1526 εἰσεκομίζετο
1837 1446 1948 1510 καὶ
1980 1439 2016 1509 ὁ
2052 1441 2260 1519 πότος
2291 1465 2602 1529 συνεκρο-

448 1558 646 1611 τεῖτο.
734 1543 802 1611 ἐν
845 1544 1062 1631 τούτῳ
1105 1539 1270 1611 ὄντα
1326 1569 1413 1627 με
1453 1548 1565 1611 καὶ
1610 1547 2012 1632 φιλοτησίας
2056 1552 2479 1629 προπίνοντα
2527 1548 2601 1612 ἐν

443 1661 720 1731 χρυσαῖς
777 1647 1059 1734 φιάλαις
1123 1645 1381 1733 ἑκάστῳ
1446 1650 1581 1711 τῶν
1637 1646 1993 1732 παρόντων
2055 1643 2181 1734 ἤδη
2239 1651 2357 1713 τοῦ
2414 1651 2601 1715 πλα-

447 1753 719 1826 κοῦντος
775 1748 1280 1832 ἐσκομιζομένου
1347 1744 1727 1834 ἀναβοήσας
1792 1742 2087 1832 ἀκαίρως
2147 1749 2601 1835 συνετάραξας

447 1850 568 1933 μὲν
609 1846 766 1933 ἡμῖν
809 1847 884 1916 τὸ
935 1849 1330 1933 συμπόσιον,
1380 1843 1755 1935 ἀνέτρεψας
1800 1850 1873 1915 δὲ
1917 1847 2040 1928 τὰς
2080 1850 2429 1933 τραπέζας,
2464 1852 2601 1945 ,τὸν

450 1953 524 2019 δὲ
583 1954 876 2018 πλοῦτον
943 1951 1188 2020 ἐκεῖνον
1251 1948 1621 2040 ὑπηνέμιον
1688 1958 2026 2040 φέρεσθαι
2088 1954 2603 2038 παρεσκεύασας

452 2053 958 2142 [διασκεδάσας].
1061 2041 1191 2139 ἆρά
1249 2077 1360 2121 σοι
1416 2048 1678 2142 άλόγως
1734 2048 2185 2143 ἀγανακτῆσαι
2240 2054 2411 2121 κατὰ
2472 2068 2602 2123 σοῦ

451 2157 658 2239 δοκῶ,-
700 2162 1093 2242 τριέσπερον
1138 2146 1218 2223 ὅῖν
1249 2153 1462 2243 ἡδέως
1506 2157 1604 2224 ἔτι
1651 2154 1829 2223 εἶδον
1875 2155 1993 2223 τὸν
2022 2154 2281 2242 ὄνειρόν
2323 2183 2442 2241 μοι
2486 2184 2598 2244 γε·-

449 2254 742 2344 νόμενον.

347 2376 418 2432 18
625 2368 723 2429 13.
811 2364 1106 2428 ΑΛΕΚ.
1197 2354 1385 2427 obem»
1429 2360 1831 2448 φιλόχρυσος
1872 2358 2072 2429 εἶκαὶ
2118 2360 2597 2450 φιλόπλουτος,
2620 2374 2709 2425 721

453 2445 505 2525 ὦ
546 2461 840 2541 Μικύλε,
897 2464 1004 2527 καὶ
1064 2459 1268 2543 μόνον
1322 2463 1518 2527 τοῦτο
1578 2459 1649 2537 ἐξ
1704 2452 2003 2538 άπαντος
2056 2460 2431 2544 θαυμάζεις
2486 2487 2597 2527 και

449 2560 577 2651 ἡγῇ
621 2558 935 2647 εὔδαιμον
981 2588 1154 2629 ειναι
1197 2561 1372 2628 πολὺ
1418 2565 1784 2680 κεκτῆσθαι
1823 2568 2133 2646 χρυσίον,·

619 2670 822 2731 ΜΙΚ.
921 2657 1056 2732 Ουκ
1113 2662 1236 2749 ἐγώ
1293 2662 1530 2746 μόνος,
1590 2688 1643 2727 ω
1684 2663 2095 2749 Πυθαγόρα,
2143 2667 2375 2743 τοῦτο,
2422 2656 2600 2729 ἀλλὰ

450 2770 560 2833 καὶ
619 2765 698 2832 σύ
759 2760 989 2846 αὐτός,
1049 2762 1260 2833 ὁπότε
1317 2760 1671 2853 Ευφορβος
1723 2752 1945 2850 ἦσθα,
1999 2764 2245 2851 χρυσὸν
2298 2767 2408 2831 καὶ
2472 2792 2598 2849 αρ-

449 2894 646 2953 γυρον
667 2871 800 2933 τῶν
821 2867 1199 2952 βοστρύχων
1229 2866 1587 2955 ἐξημμένος
1618 2860 1827 2945 οὕτως
1852 2863 1994 2955 ᾔεις
2025 2866 2423 2952 πολεμήσων
2450 2883 2600 2946 τοῖς

442 2964 765 3053 Ἀχαιοῖς,
829 2969 962 3056 [καὶ
1022 2967 1089 3035 ἐν
1135 2973 1231 3056 τῷ
1273 2966 1603 3056 πολέμῳ],
1663 2968 1834 3037 ἔνθα
1878 2970 2347 3058 σιδηροφορεῖν
2402 2968 2600 3057 [μᾶλ-

452 3074 565 3137 λον
619 3061 660 3160 ἢ
704 3069 1166 3159 χρυσοφορεῖν]
1221 3067 1496 3155 ἄμεινον
1550 3059 1664 3157 ἦν·
1723 3070 1803 3137 σὺ
1862 3072 1934 3137 δὲ
1990 3075 2104 3138 καὶ
2162 3072 2314 3139 τότε
2366 3066 2599 3160 ἠξίους

443 3175 668 3257 χρυσῷ
714 3166 1187 3255 ἀναδεδεμένος
1229 3171 1387 3250 τούς
1430 3165 1815 3255 πλοκάμους
1861 3171 2405 3259 διαγωνίζεσθαι.
2478 3180 2599 3239 καί

449 3300 566 3358 μοι
613 3276 792 3341 δοκεῖ
834 3270 867 3340 ὁ
901 3266 1190 3360 Ὅμηρος
1238 3272 1348 3341 διὰ
1393 3284 1588 3340 τοῦτο
1634 3279 2046 3359 Χαρίτεσσιν
2088 3270 2329 3357 ὁμοίας
2373 3273 2595 3341 εἰπεῖν

451 3402 570 3446 σου
617 3376 738 3457 τὰς
779 3377 1016 3461 κόμας,
1073 3370 1181 3444 ὅτι
1227 3380 1484 3463 ’,χρυσῷ
1543 3402 1617 3443 τε
1660 3380 1769 3443 καὶ
1818 3370 2080 3464 ἀργύρῳ
2139 3376 2589 3463 ἐσφήκωντοέ·

448 3483 678 3567 μακρῷ
722 3479 847 3567 γὰρ
895 3472 1204 3562 ἀμείνους
1249 3475 1498 3566 δηλαδὴ
1544 3480 1656 3544 καὶ
1703 3476 2187 3563 ἐρασμιώτεραι
2233 3477 2591 3566 ἐφαίνοντο

451 3582 1160 3665 συναναπεπλεγμέναι
1244 3585 1342 3667 τῷ
1411 3585 1661 3667 χρυσίῳ
1748 3584 1861 3647 καὶ
1935 3580 2592 3663 συναπολάμπουσαι

445 3678 580 3769 μετ’
636 3683 858 3751 αὐτοῦ.
945 3688 1164 3750 καίτοι
1207 3680 1292 3748 τὰ
1336 3682 1458 3767 μὲν
1504 3682 1619 3762 σά,
1668 3668 1720 3747 ὦ
1759 3681 2163 3769 χρυσοκόμη,
2208 3688 2478 3767 μέτρια,
2530 3683 2589 3749 εἷ
2608 3698 2697 3747 '122

451 3786 736 3853 Πάνθου
794 3784 936 3862 υἱὸς
995 3774 1088 3849 ὢν
1133 3782 1363 3868 ἐτίμας
1420 3782 1495 3850 τὸ
1540 3791 1841 3868 χρυσίον·
1900 3780 1933 3849 o‘
1984 3783 2055 3849 δὲ
2100 3781 2322 3871 πατὴρ
2368 3779 2591 3851 ἆπάν-

445 3914 578 3954 των
637 3882 894 3974 ἆνδρῶν
949 3889 1058 3953 καὶ
1118 3891 1300 3953 θεῶν
1343 3885 1378 3955 ὁ
1426 3886 1689 3971 Κρόνου
1744 3890 1856 3954 καὶ
1894 3881 2099 3967 Ῥέας,
2159 3882 2368 3953 ὁπότε
2423 3880 2590 3971 ἠρά-

449 3996 586 4081 σθη
643 3994 759 4076 τῆς
794 3983 1181 4079 Ἀργολικῆς
1237 3989 1487 4076 ἐκείνης
1529 3995 1873 4075 μείρακος,
1921 3981 2243 4070 οὗκέχων
2298 3986 2393 4065 εἷς
2436 3980 2477 4055 ὅ
2527 4015 2589 4055 τι
