2750 4534
1065 246 1366 302 ΕΙΚΟΝΕΣ.
2214 244 2291 304 31

134 417 203 484 οἱ
237 415 594 501 ἐπιχώριοι
638 419 794 501 περὶ
842 409 1062 505 αὐτῆς,
1109 411 1202 494 ὥς
1245 415 1569 502 ἐρασθείη
1615 437 1718 492 τις
1760 417 1881 480 τοῦ
1910 407 2292 500 ἀγάλματος

133 521 248 587 καὶ
308 517 546 586 λαθών
603 514 1056 608 ὑπολειφθεὶς
1112 517 1180 586 ἐν
1228 519 1389 605 ἱερῷ
1433 523 1813 606 συγγένοιτο
1872 513 1962 596 ὥς
2008 516 2288 585 δυνατὸν

133 615 494 707 ἀγάλματι.
589 625 786 688 τοῦτο
841 626 1070 706 μέντοι
1138 616 1356 699 ἄλλως
1424 619 1833 706 ἱστορήσθω.
1933 618 2014 687 σὺ
2074 620 2147 686 δὲ
2204 657 2291 666 --

131 723 382 813 ταύτην
421 722 579 810 γάρ,
640 720 731 804 ὥς
773 722 936 812 φής,
992 720 1163 802 εἶδες
1205 761 1291 770 -
1332 723 1449 790 ’ίθι
1490 726 1610 807 μοὶ
1651 725 1763 790 καὶ
1806 721 1962 790 τόδε
2006 719 2287 806 ἀπόκρι-

131 853 278 908 ναι,
356 825 416 893 εἰ
487 829 599 894 καὶ
671 825 787 916 τὴν
861 823 930 892 ἐν
1000 825 1244 912 κήποις
1285 819 1615 913 Ἀθήνησι
1686 823 1807 914 τὴν
1848 818 2287 909 Ἀλκαμένους

130 929 453 1011 ἑώρακας.

303 1034 542 1098 HOA.
621 1017 708 1098 Ἡ
756 1028 1028 1098 πάντων
1082 1023 1134 1115 γ’
1197 1054 1308 1110 αν,
1365 1056 1418 1096 ω
1464 1037 1751 1110 Λυκῖνε,
1808 1024 1845 1098 ὅ
1894 1031 2285 1118 ῥᾳθυμότα-

128 1157 248 1212 τος
312 1120 424 1223 ἧν,
496 1133 558 1200 εἰ
621 1133 698 1200 τὸ
763 1131 1116 1199 κάλλιστον
1181 1135 1312 1198 τῶν
1366 1125 1805 1215 Ἀλκαμένους
1867 1132 2285 1216 πλασμάτων

131 1235 482 1322 παρεῖδον.

302 1344 529 1405 ΛΥΚ.
609 1331 851 1406 Ἐκεῖνο
901 1343 1018 1420 μέν
1072 1361 1176 1424 γε,
1235 1363 1287 1403 ω
1348 1336 1813 1424 Πολύστρατε,
1876 1331 1994 1404 ούκ
2050 1335 2282 1426 ἐρήσο-

129 1447 257 1525 μαί
315 1464 424 1522 σε,
485 1441 546 1506 εἰ
597 1439 920 1518 πολλάκις
965 1439 1033 1518 ἐς
1076 1438 1194 1526 τὴν
1242 1433 1609 1524 ἀκρόπολιν
1656 1431 1967 1506 ἀνελθών
2008 1442 2117 1506 καὶ
2162 1437 2281 1526 τὴν

131 1542 532 1626 Καλάμιδος
575 1538 982 1627 Σωσάνδραν
1027 1547 1378 1610 τεθέασαι.

297 1649 537 1712 ΠΟΛ.
627 1641 831 1712 Εἶδον
873 1638 1176 1732 κάκείνην
1220 1643 1567 1722 πολλάκις.

297 1754 526 1815 ΛΥΚ.
548 1741 750 1814 ,Ἀλλὰ
795 1750 906 1814 καὶ
949 1750 1161 1813 ταῦτα
1204 1746 1323 1830 μὲν
1370 1747 1630 1824 ἱκανῶς.
1704 1749 1839 1812 τῶν
1883 1745 1955 1812 δὲ
2001 1745 2279 1812 Φειδίου

11 1927 18 1942 ,
127 1851 336 1936 ἔργων
380 1855 450 1916 τί
491 1849 785 1933 μάλιστα
832 1847 1198 1936 ἐπῄνεσαςς

297 1955 538 2018 ΠΟΛ.
620 1958 704 2018 Τί
747 1946 802 2016 δ’
853 1945 1016 2018 ἄλλο
1063 1941 1104 2039 ἢ
1138 1949 1258 2036 τὴν
1287 1955 1623 2038 Λημνίαν,
1668 1943 1711 2036 ᾖ
1756 1952 1866 2017 καὶ
1898 1949 2279 2035 ἐπιγράψαι

125 2049 422 2137 τοῦνομα
467 2049 500 2120 o‘
555 2054 838 2130 Φειδίας
879 2047 1158 2142 ἠξίωσε,·
1201 2055 1312 2120 καὶ
1355 2051 1431 2141 νὴ
1472 2057 1611 2120 Δία
1654 2050 1773 2140 τὴν
1791 2045 2115 2136 Ἀμαζόνα
2158 2051 2278 2140 τὴν

126 2156 638 2244 ἐπερειδομένην
679 2159 777 2242 τῷ
821 2156 1134 2241 δορατίῳ.
1303 2241 1324 2250 -

23 2275 106 2324 463
297 2265 359 2324 5.
395 2255 626 2324 AYK..
722 2256 822 2322 Τὰ
865 2257 1218 2338 κάλλιστα,
1273 2251 1324 2322 a)
1372 2255 1625 2339 ἑταῖρε,
1686 2254 1858 2322 ὥστε
1901 2249 2107 2322 οὐκέτ’
2158 2250 2276 2321 άλ-
2305 2267 2344 2322 5

123 2362 254 2427 λων
282 2362 598 2442 τεχνιτῶν
631 2348 872 2447 δεήσει.
949 2363 1113 2446 φέρε
1143 2357 1234 2447 δὴ
1285 2357 1354 2436 ἐξ
1402 2354 1690 2426 ἁπασῶν
1732 2355 1857 2446 ἤδη
1902 2357 2153 2424 τούτων
2181 2353 2277 2436 ὥς

121 2460 265 2528 οἷόν
325 2487 400 2528 τε
459 2461 878 2548 συναρμόσας
935 2467 1098 2544 μίαν
1143 2483 1255 2528 σοι
1299 2459 1522 2528 εἰκόνα
1578 2459 1895 2538 ἐπιδείξω
1960 2458 2035 2526 τὸ
2098 2458 2277 2537 ἐξαί-

117 2589 306 2647 ρετον
357 2558 515 2646 παρ’
569 2562 848 2651 ἑκάστης
895 2563 1193 2644 ἔχουσαν.
1562 2631 1569 2636 ,

289 2668 530 2732 ΠΟΛ.
619 2669 758 2732 Καὶ
801 2671 952 2732 τίνα
1000 2656 1082 2731 ὃν
1125 2663 1382 2752 τρόπον
1425 2667 1611 2730 τουτὶ
1661 2669 1955 2750 γένοιτο,-

285 2773 514 2834 AYK.
591 2761 684 2834 Οὐ
713 2766 1029 2850 χαλεπόν,
1077 2752 1132 2832 ὦ
1162 2765 1616 2850 Πολύστρατε,
1666 2765 1725 2832 εἰ
1767 2763 1843 2832 τὸ
1894 2759 2030 2839 ἀπὸ
2078 2764 2274 2830 τοῦδε

117 2868 540 2958 παραδόντες
568 2867 692 2946 τὰς
732 2868 990 2946 εἰκόνας
1033 2871 1130 2954 τῷ
1175 2867 1350 2954 λόγῳ
1397 2866 1887 2954 ἐπιτρέψαιμεν
1932 2859 2113 2952 αύτῷ
2155 2890 2274 2949 με-

112 2985 476 3055 τακοσμεῖν
531 2973 640 3037 καὶ
705 2975 1096 3038 συντιθέναι
1153 2974 1268 3038 καὶ
1313 2967 1625 3057 ἁρμόζειν
1673 2965 1765 3048 ὥς
1811 2959 1891 3036 ἂν
1936 2963 2274 3054 εὔρυθμό-

111 3100 281 3140 τατα
331 3073 601 3139 δύναιτο
635 3071 986 3157 φυλάττων
1033 3065 1172 3155 ἅμα
1215 3071 1290 3140 τὸ
1338 3073 1662 3158 συμμιγὲς
1706 3071 1913 3140 ἐκεῖνο
1958 3075 2069 3138 καὶ
2115 3097 2272 3138 ποι-

108 3179 316 3243 κίλον.

280 3281 524 3345 ΠΟΛ.
627 3273 719 3343 Εὖ
789 3278 1028 3364 λέγεις
1101 3279 1214 3344 καὶ
1280 3276 1360 3364 δὴ
1436 3273 1849 3361 παραλαβων
1922 3275 2267 3342 δεικνύτω·

109 3380 335 3448 ἐθέλω
393 3379 521 3465 γὰρ
577 3378 827 3446 εἰδέναι
887 3371 925 3445 δ’
980 3405 1046 3446 τι
1109 3379 1497 3465 κεχρήσεται
1556 3373 1791 3455 αὐταῖς
1844 3368 1919 3465 ἢ
1945 3371 2135 3455 όπως
2184 3376 2269 3442 ἐκ

107 3483 453 3551 τοσούτων
482 3487 644 3565 μίαν
675 3481 825 3547 τινὰ
867 3484 1142 3560 συνθεὶς
1187 3477 1302 3548 οὐκ
1348 3475 1745 3570 άπᾴδουσαν
1793 3475 2265 3565 ἀπεργάσεται.

279 3592 344 3652 6.
392 3591 614 3652 AYK.
689 3586 824 3650 Καὶ
870 3583 1000 3672 μὴν
1045 3579 1168 3672 ἤδη
1216 3607 1326 3652 σοι
1370 3577 1515 3669 ω’ρα
1560 3589 1874 3667 παρέχειν
1916 3586 2263 3670 γινομένην
2298 3591 2337 3646 6

105 3687 222 3775 τὴν
255 3686 513 3754 εἰκόνα.
586 3683 621 3752 0‘
655 3686 728 3752 δὲ
776 3686 1206 3770 συναρμόζων
1247 3690 1365 3772 τῆς
1411 3686 1479 3752 ἐκ
1524 3686 1773 3752 Κνίδου
1816 3681 2101 3806 ἡκούσης
2142 3683 2268 3765 μό-

107 3818 214 3858 νον
274 3789 398 3876 τὴν
455 3787 749 3877 κεφαλὴν
810 3787 1031 3872 λαβων
1089 3786 1302 3876 [οὐδὲν
1356 3787 1483 3875 γὰρ
1540 3791 1660 3856 τοῦ
1712 3783 1914 3854 αλλου
1960 3786 2267 3870 σώματος

107 3895 354 3978 γυμνοῦ
389 3886 584 3968 ὄντος
620 3889 984 3980 δεήσεται]
1017 3890 1100 3958 τὰ
1136 3891 1256 3975 μὲν
1289 3886 1462 3979 ἀμφὶ
1497 3889 1617 3979 τὴν
1646 3889 1852 3977 κόμην
1896 3892 2008 3956 καὶ
2049 3893 2267 3973 ,μέτω-

111 4021 234 4062 πον
295 3989 572 4080 ὀφρύων
616 4018 690 4060 τε
731 3992 806 4062 τὸ
857 3988 1232 4079 εὔγραμμον
1279 3991 1464 4060 ἐάσει
1510 3993 1679 4076 ἔχειν
1725 3984 1953 4079 ὥσπερ
1998 3987 2034 4058 ὅ
2083 3998 2267 4077 Πρα-
