2750 4534
181 740 371 795 c.31.

1112 253 1413 309 TOEARlS.
2223 254 2259 311 2
2269 254 2298 311 1
2310 253 2342 312 '7

402 425 709 508 ἀνεβόησε
754 424 773 509 ΙΙ
815 450 955 491 ...ν
1013 422 1065 486 Γ
1116 462 1187 469 -
1250 424 1603 506 άπαγαγὼν
1648 426 1667 509 ΙΙ
1709 424 1982 506 άπάγων
2043 423 2220 489 ΑΩΓ
2269 462 2343 471 -

404 531 1006 611 συμπεπιλημένην
1047 526 1067 612 [Ι
1110 548 1223 590 om.
1269 545 1412 605 συμ.
1463 525 1587 590 ΑΩ
1637 563 1708 573 -
1759 523 1962 594 αὑτὸν
1991 527 2008 611 ΙΙ
2040 527 2242 594 αὐτὸν
2279 525 2348 590 Ω

402 668 488 678 -
520 628 985 711 ἰλιγγιάσαντες
1014 628 1033 714 ΙΙ
1062 636 1168 697 εἰλ.
1212 626 1264 691 Γ
1296 668 1382 678 -
1415 632 1930 713 ἐκτετρυχωμένα
1959 629 1977 713 ss
2006 684 2019 697 .
2041 684 2053 697 .
2074 658 2193 713 τρι.
2229 685 2242 697 .
2280 628 2348 692 Ω

405 730 793 811 καταβαλὼν
836 732 855 816 ss
898 730 1327 811 καταβάλλων
1387 736 1436 795 Β
1495 770 1580 781 --—
1639 732 1821 819 αυτῷ·
1861 729 1882 817 Ι
1926 732 2105 819 αὐτῷ
2153 737 2203 795 Β
2265 771 2347 781 -

399 843 614 917 παρῆν
658 832 679 917 ΙΙ
721 843 924 917 συνῆν
969 830 1072 896 ΓΒ
1104 870 1189 880 -
1221 834 1550 914 στιβάδιον
1631 833 1892 901 στάδιον
1922 832 2047 898 ΑΩ
2080 872 2158 883 -
2192 835 2348 901 ὑπο-

400 934 762 1015 βαλόμενος
840 934 1375 1015 ὺποβαλλόμενος
1406 935 1526 999 ΩΓ
1529 941 1578 1000 Β
1611 974 1693 983 -
1725 940 1890 1023 ῥᾷον
1920 937 1940 1022 ΙΙ
1969 937 2194 1021 ράδιον
2223 937 2350 1000 ΑΩ

182 1060 237 1102 c.
272 1045 374 1101 32.
410 1038 773 1122 φαρμάκων
826 1038 845 1122 ss
898 1038 1245 1123 φαρμάκου
1288 1037 1357 1101 Ω
1417 1075 1501 1086 —-
1557 1045 1878 1119 δεομένων
1922 1039 1940 1123 ΙΙ
1982 1045 2349 1121 λεγομένων

177 1365 231 1406 c.
260 1351 363 1407 33.

176 2386 232 2427 c.
264 2374 367 2430 34.

178 3104 234 3146 c.
264 3089 365 3147 35.

398 1139 524 1204 ΑΩ
580 1146 950 1219 λελυμένων
998 1140 1099 1203 ΓΒ
1158 1178 1242 1189 -
1299 1149 1387 1221 εἰς
1430 1141 1506 1219 τὸ
1551 1140 1571 1226 fl
1615 1146 1678 1221 ἐς
1722 1142 1799 1209 τὸ
1843 1140 1946 1206 ΓΒ
1992 1180 2073 1191 -·
2119 1153 2348 1209 καθευ-

397 1241 568 1325 δήσει
611 1243 629 1327 ΙΙ
672 1243 923 1327 ...δήση
968 1242 1093 1307 ΑΩ
1138 1264 1239 1328 σηι
1283 1248 1333 1306 Β
1378 1282 1464 1291 --

400 1343 640 1423 αὐτοὺς
698 1352 1176 1427 δυστυχοῦντας
1219 1344 1239 1431 ΙΙ
1282 1353 1331 1412 δ.
1397 1346 1520 1412 αὐτ
1578 1344 1698 1409 ΩΓ
1745 1384 1827 1393 -
1874 1350 2054 1431 ῥίνης
2097 1346 2116 1432 ΙΙ
2163 1348 2347 1430 δίνης

400 1450 531 1527 (sio)
578 1445 647 1509 Ω
706 1484 791 1494 --
849 1448 1212 1532 εὐπορήσας
1254 1447 1275 1534 ΙΙ
1318 1448 1633 1534 εὐπόρησε
1677 1448 1803 1512 ΑΩ
1849 1487 1932 1496 -
1975 1446 2014 1532 ᾗ
2061 1453 2344 1516 ἐδέδεντο

398 1552 561 1634 ἑξῆς,
607 1549 626 1633 ΙΙ
668 1546 707 1633 ἧ
740 1553 847 1632 ἐδ.,
876 1554 1018 1635 ἑξῆς
1048 1556 1102 1614 Α
1132 1592 1215 1599 -
1248 1558 1664 1635 διειρομένων
1693 1551 1713 1637 ΙΙ
1742 1558 2193 1636 διειργομένων
2223 1550 2345 1615 ΑΩ

396 1687 480 1697 --
528 1649 841 1719 ἐδύναντο
885 1652 905 1737 ΙΙ
947 1653 1221 1720 έδύνατο
1266 1652 1334 1715 Ω
1395 1691 1476 1701 -
1535 1658 1666 1720 ἐπεὶ
1727 1660 1791 1721 δὲ
1835 1652 1854 1739 ΙΙ
1897 1654 2106 1738 ἐπειδὴ
2150 1653 2219 1718 Ω
2263 1693 2347 1703 -

398 1752 509 1818 ἐπ’
553 1756 637 1819 ἐκ.
686 1752 707 1840 ΙΙ
750 1754 861 1820 ἐπ’
905 1758 967 1817 in
1012 1776 1130 1819 ras.
1179 1760 1226 1817 B
1272 1792 1353 1801 --
1411 1756 1968 1835 μεταστειλάμενοι
1996 1756 2014 1842 ΙΙ
2042 1777 2346 1842 μεταστη-

396 1852 663 1934 λάμενοι
710 1854 761 1917 Γ
805 1893 886 1903 -
934 1858 1091 1923 ἄλλ’
1136 1858 1259 1925 οὐκ
1300 1855 1321 1943 ΙΙ
1366 1880 1482 1922 om.
1529 1859 1652 1926 οὐκ
1696 1864 1780 1941 A,
1838 1860 2003 1926 α’λλὰ
2061 1881 2174 1923 om.
2225 1860 2347 1927 οὐκ

396 1954 465 2019 Ω
516 1994 605 2027 ,-
661 1957 779 2025 τὸν
836 1960 1203 2044 Δημήτριον
1261 1967 1324 2027 δὲ
1366 1960 1388 2047 Β
1429 1961 1547 2028 τὸν
1605 1968 1670 2028 δὲ
1719 1966 1871 2030 Λ...
1920 1960 2044 2025 ΑΩ
2105 2000 2187 2009 -——
2241 1970 2348 2028 καὶ

396 2058 573 2125 πάνυ
617 2058 637 2146 ΙΙ
678 2082 795 2125 om.
841 2070 948 2127 καὶ
992 2061 1117 2126 ΑΩ
1161 2100 1242 2110 -
1290 2065 1444 2147 παρ’
1489 2063 1696 2131 αὑτοῦ
1739 2064 1758 2149 ΙΙ
1802 2066 1953 2149 παρ’
1999 2066 2204 2133 αὐτοῦ
2240 2064 2344 2127 ΑΓ

399 2198 480 2208 -
540 2169 635 2242 δὶς
691 2163 1036 2244 τοσαύταις
1093 2172 1157 2232 δὲ
1200 2164 1219 2252 ΙΙ
1262 2173 1311 2233 δ.
1372 2167 1689 2246 τοσαύτας
1748 2174 1813 2233 δὲ
1856 2171 1911 2229 Α
1969 2175 2062 2247 δὶς
2121 2174 2184 2235 δὲ
2241 2194 2346 2234 το-

400 2264 665 2345 σαύταις
710 2264 779 2329 Ω

397 2366 512 2445 τὰς
556 2367 761 2435 αὑτοῦ
802 2365 822 2452 ΙΙ
863 2367 977 2448 τὰς
1024 2369 1231 2436 αὐτοῦ
1264 2373 1315 2432 Β
1347 2407 1427 2416 -
1461 2370 1662 2458 ᾤχετο
1709 2369 1924 2437 α’πιών
1967 2371 1986 2456 ΙΙ
2029 2392 2144 2434 om.
2178 2376 2227 2434 B
2261 2408 2334 2419 -—

398 2468 562 2552 πρὸς
606 2469 724 2536 τὸν
773 2470 922 2539 'Ama
971 2472 991 2557 ΙΙ
1037 2492 1153 2533 om.
1199 2471 1316 2539 τὸν
1348 2470 1418 2534 Ω
1446 2510 1531 2519 -
1563 2472 1759 2552 αὐτὸς
1791 2481 2034 2540 δεῖσθαι
2079 2473 2098 2559 ΙΙ
2140 2472 2343 2539 αὐτὸν

400 2578 449 2638 δ.
502 2570 570 2634 Ω
613 2611 697 2621 -
742 2577 964 2662 ε’κείνῳ
1008 2573 1029 2659 Β
1071 2578 1319 2642 ἐκείνου
1352 2574 1421 2637 Ω
1451 2613 1534 2623 --
1568 2586 1704 2642 τῶν
1735 2574 2134 2658 πραγμάτων
2167 2576 2345 2661 αὐτῷ

394 2671 416 2758 ΙΙ
459 2675 640 2761 αὐτῷ
692 2667 747 2741 t.
804 2703 865 2743 π.
916 2675 966 2737 Γ
1012 2714 1094 2723 -
1150 2683 1588 2762 γεγενημένων
1631 2678 1651 2761 ΙΙ
1692 2683 2086 2762 γεγενημένω
2132 2675 2200 2740 Ω
2263 2714 2336 2724 —-

398 2777 949 2861 προδιεβεβλήκεις
976 2777 996 2865 ΙΙ
1024 2780 1512 2864 προεβέβλήκεις
1541 2778 1663 2843 ΑΩ
1714 2815 1786 2826 -
1835 2779 2072 2859 αὐτοὺς
2099 2780 2118 2865 ΙΙ
2149 2778 2344 2858 αὐτὸς

397 2876 466 2941 Ω
510 2914 593 2926 -
640 2879 736 2946 ἄν
782 2903 903 2947 σοι
946 2880 966 2967 ΙΙ
1009 2880 1173 2948 ἄνω
1219 2880 1343 2944 ΑΩ
1392 2920 1469 2929 -
1529 2889 1646 2962 μὲν
1692 2882 1882 2950 οὐδὲν
1928 2880 1946 2966 fl
1985 2888 2102 2961 μὲν
2145 2888 2342 2964 μηδὲν

398 2983 452 3041 Α
494 2988 692 3066 μηδὲν
737 3005 854 3046 om.
899 2989 1018 3063 μὲν
1063 2981 1131 3045 Ω
1179 3021 1257 3030 -—

400 3091 501 3150 σοὶ
546 3082 565 3168 ΙΙ
608 3084 687 3151 σὺ
732 3084 800 3147 Ω
863 3122 933 3131 —-
1000 3090 1159 3170 ἐρεῖς
1203 3084 1223 3172 ΙΙ
1266 3090 1410 3171 έρῆς
1453 3090 1506 3149 Α
1551 3124 1635 3135 —-
1680 3086 1918 3166 πάθοις
1961 3086 1982 3172 ΙΙ
2025 3086 2228 3169 πάσης
2274 3083 2342 3147 Ω

398 3224 478 3233 -
542 3187 650 3272 Ὀρ.
710 3194 828 3267 μὲν
872 3186 892 3274 ΙΙ
934 3210 1045 3253 om.
1098 3195 1215 3268 μὲν
1258 3193 1313 3251 Α
1359 3225 1434 3236 -
1488 3189 1880 3269 φαινόμενος
1924 3189 1944 3274 ΙΙ
1987 3210 2102 3252 om.
2147 3185 2214 3249 Ω
2258 3224 2345 3233 ——

402 3291 459 3350 εἰ
498 3285 729 3364 οἷποτμ.
778 3285 799 3370 ΙΙ
842 3308 957 3350 om.
1006 3294 1061 3352 εἰ
1102 3285 1171 3349 Ω
1218 3324 1296 3333 -
1356 3288 1790 3371 ἀποτμηθείης
1831 3286 1854 3372 ΙΙ
1902 3288 2343 3371 οἷποτμηθείην

398 3384 520 3449 ΩΓ
552 3426 631 3435 -
666 3389 919 3455 ἐπειδὰν
952 3389 975 3473 ΙΙ
1008 3390 1212 3456 ἐπειδ’
1256 3389 1338 3457 ἂν
1370 3394 1421 3452 Β
1453 3428 1534 3437 -—
1581 3391 1921 3472 φθέγγεται
1952 3389 1971 3474 ΙΙ
2003 3395 2342 3471 φθέγγεται

398 3487 466 3552 Ω
498 3526 579 3536 -
612 3490 1061 3575 προσδοκήσῃς
1114 3490 1134 3577 ΙΙ
1188 3492 1650 3576 προσδοκήσεις
1707 3490 1829 3554 ΩΓ
1874 3530 1957 3539 —-
2013 3502 2280 3559 τοιοῦτο
2325 3491 2344 3577 ss

398 3602 708 3661 τοιοῦτον
765 3593 832 3656 Ω
890 3631 971 3641 —-
1031 3598 1307 3661 ἐπέδωκε
1350 3593 1370 3680 ΙΙ
1413 3596 1701 3661 (ἐπέδωκε
1744 3592 1812 3657 Ω
1865 3632 1948 3641 -
2004 3602 2281 3678 θυγατρὶ
2323 3594 2344 3679 fl

400 3714 515 3757 om.
561 3692 739 3757 ΑΩΓ
789 3731 863 3741 -
924 3695 961 3779 ἢ
1020 3704 1125 3763 καὶ
1231 3718 1346 3759 om.
1391 3696 1429 3779 ἢ
1468 3693 1694 3759 ΑΩΓΒ
1744 3733 1817 3742 -
1873 3695 2294 3779 δεδησόμενον
2323 3696 2342 3779 ΙΙ

398 3796 832 3881 δεθησόμενον
887 3802 942 3860 Α
1010 3836 1091 3847 -
1158 3802 1259 3864 ἐπὶ
1326 3796 1633 3885 προδήλῳ
1694 3808 1788 3886 τῷ
1831 3797 1850 3880 ΙΙ
1893 3819 2009 3861 om.
2067 3795 2191 3860 ΑΩ
2258 3834 2344 3845 -

398 3898 631 3981 μικρὸν
674 3898 809 3966 ὕστ.
849 3899 871 3985 ΙΙ
903 3900 979 3966 τὸ
1034 3899 1268 3984 μικρὸν
1327 3898 1461 3967 ὕστ.
1525 3897 1650 3962 ΑΩ
1695 3937 1779 3947 -
1824 3900 2045 3983 εὐτελῆ
2087 3898 2106 3982 ΙΙ
2151 3899 2342 3982 άτελῆ

400 3998 469 4063 Ω
526 4038 607 4049 -
653 4002 1100 4087 μεγαλουργὸν
1144 4002 1161 4087 ΙΙ
1202 4002 1636 4086 μεγαλοεργὸν
1682 4001 1731 4063 Γ
