2750 4534
183 774 241 817 G.

180 2876 237 2918 0.

278 2862 373 2919 12.

991 241 1536 296 ICAROMENIPPUS.
2231 242 2350 302 267

404 417 581 498 μῶσι
614 413 636 499 ss
680 436 772 496 μο
817 417 963 478 Urb.
1012 450 1095 461 —
1139 412 1217 479 τὸ
1261 422 1527 497 πρῶτον
1573 412 1595 497 ΙΙ
1641 434 1758 477 om.
1804 412 1873 475 Ω
1915 450 2002 460 -
2043 412 2200 491 μετὰ
2243 424 2356 497 τῆς

402 516 584 601 πτήσ.
622 516 645 600 ΙΙ
679 538 794 579 om.
818 525 931 598 τῆς
960 516 1161 579 Qun-b.
1187 550 1271 561 —
1294 514 1482 599 ὕπηκ.
1521 536 1640 597 μοι
1670 514 1694 599 ss
1723 541 1852 594 μου
1883 514 1950 578 Φ
1977 550 2064 573 r·-
2093 525 2355 598 πρᾶγμα

402 619 423 703 fl
456 628 669 703 χρῆμα
716 616 1240 698 21(Urb.)F<1)Ups.
1286 652 1370 663 -—-

362 800 381 818 .
412 752 631 837 ὑψηλὰ
662 752 685 837 ΙΙ
718 775 836 818 om.
867 749 989 815 ΩΓ
1028 756 1187 819 1324
1233 750 1452 833 ΦΠΡΒ.
1485 788 1566 799 -
1598 751 1737 819 ἄνω
1781 752 1800 837 ΙΙ
1843 750 1925 818 ἀν
1964 748 2086 813 ΩΓ
2130 751 2350 837 ἀνήειν

402 925 604 988 ἏΠΓῘ).
658 959 741 971 -
796 923 959 1006 ὑπὲρ
1026 921 1277 1005 Φολόης
1378 920 1542 1004 ὑπὲρ
1603 891 1835 1004 φῗλόης
1889 924 1978 985 sie
2035 919 2103 983 Ω
2163 923 2352 1006 ὑπερ-

402 1022 651 1106 φολόης
693 1023 761 1086 Φ
807 1060 889 1072 -
932 1024 1097 1109 πρὸς
1139 1022 1217 1089 τὸ
1250 1022 1275 1107 ss
1306 1044 1423 1085 om.
1467 1021 1544 1089 τὸ
1589 1023 1790 1087 21Urb.
1835 1048 1938 1107 πρ.
1990 1022 2110 1089 τὸν
2156 1022 2222 1085 Φ
2268 1059 2351 1071 -

402 1126 517 1209 ἤδη
550 1125 574 1211 ss
607 1124 680 1209 δὴ
710 1130 859 1207 Upe.
904 1162 989 1173 -—
1030 1125 1109 1192 τὸ
1150 1124 1466 1207 ταῧγετον
1507 1122 1528 1208 Ε
1568 1124 1645 1190 τὸ
1688 1150 1864 1208 τηυγ.
1920 1132 2080 1189 1324
2112 1147 2228 1189 om.
2274 1125 2350 1191 τὸ

402 1231 548 1291 Urb.
592 1228 713 1295 τὸν
756 1227 1071 1310 ταῧγετον
1113 1227 1181 1290 Φ
1231 1263 1303 1273 -
1355 1227 1424 1293 δ’
1462 1224 1588 1293 οὖν
1629 1225 1650 1311 ss
1691 1223 1814 1293 οὖν
1857 1224 1927 1289 Ω
1973 1264 2055 1274 -
2103 1231 2350 1306 ἐκμεμε-

404 1334 753 1412 λετημένου
798 1329 817 1413 ss
859 1335 1363 1412 μεμελετημένον
1407 1327 1477 1392 Ω
1513 1364 1594 1375 -
1623 1328 1937 1411 ὑψιπέτης
1977 1329 1996 1413 ΙΙ
2040 1328 2352 1414 ὕψιπετὴς

403 1431 470 1494 Φ
516 1470 599 1479 -
644 1440 929 1497 νεοττῶν
973 1430 991 1515 ss
1033 1430 1338 1498 νεώττων
1399 1429 1448 1493 Γ
1492 1468 1577 1481 —-
1621 1430 1931 1514 ἐγενόμην
1973 1431 1993 1515 ss
2035 1431 2350 1513 ἐγεγόνειν

399 1531 519 1595 ΩΓ
586 1541 745 1597 1324
806 1532 873 1594 Φ
934 1570 1015 1579 -
1071 1528 1374 1618 ᾔσθόμην
1418 1532 1437 1616 ΙΙ
1479 1534 1620 1616 ἥσθ.
1678 1529 1731 1594 Γ
1787 1570 1869 1581 -
1927 1534 2038 1599 ἐπ’
2089 1534 2289 1617 αὐτῆς
2332 1533 2351 1618 ss

402 1656 519 1699 om.
574 1638 721 1716 Ups.
788 1637 930 1698 add.
999 1654 1123 1698 ree.
1190 1656 1271 1697 m.
1332 1634 1401 1697 Φ
1469 1670 1549 1680 -
1618 1638 1681 1713 ἐς
1736 1662 1787 1701 τ.
1852 1661 1905 1716 γ.
1971 1634 1992 1719 ss
2057 1641 2145 1714 εἰς
2202 1639 2348 1715 Ups.

398 1772 481 1783 --
530 1737 925 1817 ἀποβλέπων
970 1736 989 1818 ΙΙ
1029 1741 1293 1817 βλέπων
1336 1739 1485 1799 Urb.
1535 1770 1619 1811 -—,-
1671 1745 1944 1820 Θρῃκῶν
1989 1738 2006 1819 ΙΙ
2051 1737 2188 1802 sino
2233 1766 2254 1803 ι
2298 1734 2350 1797 Γ

398 1874 483 1885 —-
525 1844 643 1903 καὶ
695 1840 845 1918 μετ’
890 1840 985 1907 ὀλ.
1037 1839 1056 1922 ΙΙ
1098 1860 1214 1903 om.
1272 1844 1380 1905 καὶ
1431 1835 1554 1901 ΩΓ
1608 1845 1764 1901 1324
1812 1838 2028 1919 ΦΠΡΒ.
2073 1874 2157 1887 --
2198 1841 2349 1917 μετ’

398 1941 493 2007 ὀλ.
539 1941 561 2026 ΙΙ
599 1968 659 2020 μ.
724 1942 818 2011 ὄλ.
882 1947 948 2008 δὲ
1003 1939 1196 2005 ΩΓΦ
1252 1946 1402 2021 UpS.
1457 1944 1604 2005 Urb.
1659 1978 1743 1989 —
1799 1940 2285 2026 ἐνεπιμπλάμην
2327 1941 2348 2026 ss

398 2036 897 2129 ἰνεπιμπλάμην
953 2041 1143 2106 ΩΓΦ
1188 2047 1336 2125 Ups.
1395 2046 1542 2106 Urb.
1587 2080 1672 2091 -
1713 2048 1925 2124 λέγοις
1969 2043 2052 2111 ἂν
2097 2042 2118 2128 [Ι
2159 2054 2213 2111 λ.
2265 2044 2347 2110 ἂν

396 2143 547 2225 ἡμῖν
603 2148 751 2225 Ups.
811 2182 893 2195 --
950 2152 1055 2211 ἵνα
1110 2152 1264 2229 μηδὲ
1307 2144 1327 2227 ss
1368 2150 1478 2210 ἵνα
1531 2143 1616 2227 μὴ
1673 2148 1822 2208 Urb.
1865 2182 1954 2193 -
2007 2145 2172 2211 καθ’
2213 2147 2284 2211 ἓν
2330 2145 2349 2230 ΙΙ

397 2252 597 2312 καθὲν
641 2245 692 2307 Γ
740 2284 821 2295 —-·
872 2245 1371 2323 ἀπολειπώμεθα
1413 2243 1434 2328 ΙΙ
1475 2265 1569 2323 pr.
1613 2271 1674 2328 η,
1719 2271 1773 2311 ει
1829 2267 1954 2309 reo.
1999 2248 2059 2309 in
2114 2268 2234 2313 ras,
2281 2246 2347 2309 Φ

399 2346 869 2425 ἀπολιποίμεθα
916 2350 1214 2427 Ups.U1-b.
1260 2382 1345 2393 -
1389 2348 1452 2411 εἴ
1486 2355 1549 2411 τί
1606 2364 1709 2413 σοι
1751 2346 1770 2430 ss
1815 2349 1876 2412 εἴ
1911 2374 1971 2413 τι
2018 2366 2122 2414 σοι
2166 2347 2218 2409 Γ
2266 2385 2346 2395 -

400 2456 662 2527 εἰδῶμεν
706 2450 724 2532 ΙΙ
768 2454 1001 2528 ἰδώμεν
1066 2455 1223 2512 1324
1284 2447 1502 2528 ΦΠΡΒ.
1550 2484 1632 2495 —·
1691 2448 2009 2531 σχήματός
2051 2476 2120 2515 τε
2163 2449 2184 2535 ss
2227 2471 2342 2513 om.

396 2576 463 2616 τε
507 2554 655 2615 Urb.
702 2586 783 2596 —-
829 2549 937 2619 οἶά
982 2570 1086 2617 σοι
1126 2549 1147 2634 ΙΙ
1190 2552 1297 2617 οἷα
1330 2568 1434 2617 σοι
1465 2545 1586 2611 ΓΦ
1633 2586 1716 2597 -
1760 2551 1981 2633 ὀρθῶς
2018 2577 2087 2633 γε
2129 2550 2149 2636 ΙΙ
2195 2552 2336 2635 ὀρθ.

394 2719 516 2805 γὰρ
559 2716 681 2782 ΩΓ
733 2726 891 2784 1324
940 2719 1007 2783 φ
1054 2757 1127 2768 -
1182 2718 1343 2803 ὅλην
1386 2718 1408 2803 ιι
1451 2686 1613 2803 ὸιῧυ
1660 2718 1710 2781 Γ
1754 2754 1838 2765 .-

405 2854 578 2922 δόκει
618 2855 639 2940 ΙΙ
682 2881 734 2922 ει
778 2858 840 2918 in
886 2876 1003 2920 ras,
1048 2854 1099 2918 Γ
1144 2862 1324 2923 δοκεῖ
1372 2863 1532 2920 1324
1594 2855 1768 2923 δόκει
1825 2855 1971 2923 τινὰ
2027 2878 2140 2923 om.
2192 2859 2341 2936 Ups.

392 2992 476 3006 --
520 2957 665 3025 τινὰ
710 2956 729 3041 ΙΙ
771 2978 887 3021 om.
934 2961 1113 3039 Urb.,
1172 2979 1289 3021 om.
1345 2980 1423 3023 m.
1476 2967 1542 3031 1,
1603 2961 1716 3022 ins.
1765 2964 1800 3021 2
1846 2957 1914 3020 Φ
1960 2994 2040 3007 —-—
2086 2958 2278 3039 ἀφνω
2319 2959 2340 3043 ΙΙ

394 3059 578 3141 ἄγωῗ
635 3064 782 3140 Ups.
843 3096 923 3107 -
982 3070 1115 3127 ποῦ
1170 3064 1263 3144 εἴη
1308 3058 1331 3145 ΙΙ
1376 3067 1434 3127 εἰ
1481 3064 1632 3141 Ups.
1693 3095 1768 3107 —
1826 3059 2121 3127 θάλαττα
2161 3059 2181 3143 ΙΙ
2224 3059 2342 3128 θά-

392 3170 599 3228 λασσα
627 3159 967 3243 ΩΓΦΠΡΒ.
1013 3196 1097 3207 --
1132 3160 1373 3229 Ῥόδιον
1402 3161 1424 3246 ΙΙ
1451 3165 1693 3245 ὁοδίων
1724 3160 1915 3224 ΩΓΦ
1959 3198 2044 3209 ·-
2089 3167 2342 3228 διέλαθε

390 3262 411 3347 ss
452 3290 491 3330 ν
537 3285 687 3331 eras.
738 3263 805 3327 Φ
849 3269 1145 3332 διέλαθεν
1186 3267 1335 3346 Ups.
1381 3300 1468 3313 --
1509 3274 1711 3331 ταῦτα
1755 3262 1776 3349 ΙΙ
1815 3263 2029 3331 πάντα
2074 3267 2222 3344 Πρε.
2256 3300 2335 3311 —-

392 3365 809 3447 ἀποστίλβων
864 3364 883 3451 ΙΙ
926 3366 1346 3445 ὑποστίλβων
1403 3364 1524 3428 ΩΓ
1577 3374 1736 3429 1324
1795 3366 1863 3429 Φ
1878 3414 1898 3449 ,
1942 3387 2249 3447 suprascr.
2297 3392 2337 3433 v

391 3470 538 3547 UpS.
582 3506 666 3517 -
725 3473 789 3549 ἐς
831 3468 909 3535 τὸ
965 3463 1189 3548 ἀτενὲς
1232 3469 1252 3554 ss
1294 3463 1568 3548 ιῖτέλὲεςῖ>
1625 3467 1691 3530 Φ
1750 3468 2017 3547 ἀσθενὲς
2061 3472 2206 3548 Πρει.
2253 3476 2339 3547 εἰς

393 3595 455 3635 τι
487 3572 619 3649 (sie)
666 3572 883 3650 ἀτενὲς
912 3574 1061 3635 Urb.
1090 3608 1175 3621 -·
1202 3598 1314 3651 μοι
1352 3570 1375 3656 ΙΙ
1409 3593 1536 3637 om.
1568 3569 1690 3633 ΩΓ
1730 3577 1888 3635 1324
1921 3569 1988 3633 Φ
2016 3574 2164 3651 Ups.
2190 3574 2336 3635 Urb.

388 3706 473 3719 --
519 3671 731 3738 ὁπόσα
773 3671 791 3755 ss
835 3672 955 3739 ὅσα
1006 3677 1151 3738 Urb.
1197 3710 1281 3721 —
1326 3672 1450 3756 φὴς
1493 3672 1511 3757 ss
1566 3682 1690 3757 φῆς
1736 3670 1786 3733 Γ
1802 3726 1822 3754 ,
1869 3671 1935 3734 Φ
1997 3677 2050 3753 (1
2104 3680 2210 3749 m.)
2257 3710 2334 3720 —

393 3773 617 3851 αὑτοῖς
658 3771 677 3856 ss
734 3774 959 3853 αὐτοῖς
1016 3776 1216 3839 &Urb.
1262 3812 1345 3822 —
1393 3774 1466 3853 ὃς
1522 3774 1642 3859 γὰρ
1685 3773 1704 3860 ΙΙ
1749 3774 1838 3854 ὡς
1895 3774 2017 3856 γὰρ
2060 3777 2208 3838 Urb.
2254 3812 2338 3823 —

390 3876 450 3939 εἴ
472 3900 541 3955 γε
568 3872 653 3957 μὴ
696 3872 715 3955 ΙΙ
758 3876 821 3939 εἴ
847 3900 915 3955 γε
947 3881 1004 3941 εἰ
1029 3874 1160 3959 μὴῗ
1191 3879 1337 3956 Ups.
1371 3912 1454 3923 --
1482 3873 1642 3957 τάχα
1688 3875 1772 3941 ἂν
1803 3874 1966 3941 ἄλλο
2011 3902 2071 3940 τι
2118 3874 2338 3959 ω’ήθης

389 3973 553 4057 ὁρᾶν
606 3973 627 4059 ss
680 3972 843 4057 τάχα
902 3975 985 4041 ἂν
1042 3977 1125 4042 ου’
1179 3980 1424 4059 γῆενθ)
1482 3977 1638 4043 ἀλλ’
1691 3975 1726 4043 ὃ
1790 3976 1957 4043 ἀλλὰ
2002 4003 2063 4042 τι
2115 3976 2335 4062 αἷήθης
