2750 4534
469 249 551 306 34
1360 249 1735 317 Aorxtfflot

467 447 602 486 των
651 419 954 504 ἰσοτιμία
997 421 1107 485 καὶ
1149 414 1474 504 ὁμόχροια
1517 421 1626 486 καὶ
1671 423 1961 506 μέγεθος
2004 421 2073 486 ἓν
2116 421 2225 486 καὶ
2272 434 2626 502 προσεχεῖς

468 521 758 606 ὁμοίως,
815 524 928 588 καὶ
981 519 1154 598 ὅλως
1196 525 1366 607 μέγα
1407 546 1477 587 τι
1518 523 1758 604 θαῦμα
1800 522 1911 587 καὶ
1954 525 2187 605 θέαμα
2230 523 2464 588 πᾶσαν
2505 520 2627 609 τὴν

475 621 919 710 ἅνθρωπίνην
963 617 1338 708 εὐμορφίαν
1377 617 1909 705 ὖπερπεπαικός.

372 735 447 791 10
653 733 749 794 10.
797 728 1032 792 HOA.
1063 717 1186 807 Ἔχ’
1239 717 1550 809 άτρέμας.
1636 730 1905 813 συνίημι
1945 722 2071 810 γὰρ
2115 720 2239 813 ἤδη
2282 724 2465 792 πάνυ
2511 739 2709 792 ‹ra-468

474 835 622 916 φῶς
679 821 909 916 ἥντινα
965 829 1073 893 καὶ
1136 828 1346 912 λέγεις
1408 824 1530 914 τὴν
1594 839 1868 912 γυναῖκα
1932 826 2197 904 τούτοις
2258 852 2335 894 τε
2400 821 2629 905 αὐτοῖς

471 937 804 1017 γνωρίσας
831 933 941 997 καὶ
971 932 1054 1016 τῇ
1084 929 1388 1015 πατρίδι.
1454 932 1564 996 καὶ
1598 922 1942 1012 εὗνούχους
1981 929 2055 996 δέ
2097 954 2283 1007 τινας
2330 929 2630 998 ἕπεσθαι

475 1030 643 1120 αὐτῇ
688 1031 872 1120 έφης.

655 1141 867 1199 ΛΥΚ.
963 1131 1062 1219 Νὴ
1109 1139 1267 1200 Δία.
1311 1135 1423 1200 καὶ
1472 1133 1923 1254 στρατιώτας
1926 1133 2132 1212 τινάς.

649 1240 886 1304 HOA.
984 1235 1120 1320 Τήν
1163 1237 1433 1319 βασιλεῖ
1476 1239 1821 1317 συνοῦσαν,
1868 1261 1921 1300 ω
1965 1235 2268 1320 μακάριε,
2314 1233 2435 1322 τὴν
2482 1231 2627 1303 dol·-

476 1339 672 1422 διμον
714 1336 960 1424 ταύτην
1007 1339 1232 1424 λέγεις.

645 1445 869 1508 AYK.
968 1445 1052 1505 Τί
1095 1439 1169 1505 δέ
1213 1439 1393 1506 ἐστιν
1440 1432 1607 1528 αὐτῇ
1650 1435 1979 1523 τοῦνομα,·

650 1546 871 1610 ΠΟΛ.
961 1541 1154 1608 Πάνυ
1211 1544 1318 1607 καὶ
1375 1545 1576 1608 τοῦτο
1631 1541 2009 1628 γλαφυρόν,
2068 1567 2121 1607 ω
2172 1550 2459 1624 Λυκῖνε,
2521 1545 2623 1608 καὶ
2728 1563 2730 1600 ῑ

479 1642 881 1726 ἐπέραστον·
945 1641 1293 1726 ὁμώνυμος
1349 1642 1475 1730 γάρ
1521 1641 1665 1711 ἐστι
1705 1646 1788 1731 τῇ
1830 1647 1949 1710 τοῦ
1985 1638 2371 1729 Ἀβραδάτα
2419 1643 2625 1731 ἐκείνῃ

473 1749 557 1833 τῇ
586 1748 776 1834 καλῇ.
846 1741 1057 1812 οἶσθα
1089 1745 1412 1824 πολλάκις
1459 1739 1749 1822 άκούσας
1790 1747 2228 1833 Ξενοφῶντος
2272 1743 2622 1813 ἐπαινοῦν·

474 1848 589 1926 τός
632 1873 783 1913 τινα
829 1847 1148 1935 σώφρονα
1191 1850 1302 1914 καὶ
1347 1845 1553 1935 καλὴν
1593 1861 1888 1933 γυναῖκα.

649 1956 870 2016 ΛΥΚ.
961 1948 1066 2037 Νὴ
1097 1955 1256 2031 Δία,
1301 1953 1417 2017 καὶ
1445 1942 1675 2032 ὥσπερ
1702 1975 1777 2035 γε
1806 1945 1979 2032 ὁρῶν
2012 1948 2214 2040 αὐτὴν
2260 1943 2434 2017 οὕτω
2482 1952 2625 2018 δια·
2728 1973 2730 1984 ·

475 2055 812 2135 τέθειμαι,
865 2047 1126 2118 ὁπόταν
1168 2046 1314 2118 κατ’
1365 2050 1572 2120 ἐκεῖνό
1622 2077 1756 2118 που
1801 2044 2270 2136 ἀναγινώσκων
2311 2056 2624 2138 γένωμαι,

475 2155 584 2222 καὶ
618 2155 968 2237 μονονουχὶ
997 2156 1105 2220 καὶ
1142 2147 1361 2220 άκούω
1409 2153 1722 2240 λεγούσης
1767 2149 1969 2238 αὐτῆς
2012 2152 2057 2219 ἃ
2102 2160 2479 2274 πεποίηται
2526 2157 2624 2220 λέ-

473 2277 716 2339 γουσα,
775 2257 886 2322 καὶ
942 2280 1037 2334 ως
1091 2247 1343 2334 ὥπλιζε
1400 2253 1518 2321 τὸν
1574 2251 1783 2337 ανδρα
1826 2258 1938 2322 καὶ
1984 2255 2097 2322 οία
2138 2240 2221 2344 ἦν
2265 2261 2623 2341 παραπέμ-

476 2380 701 2424 πουσα
747 2352 947 2424 αὐτὸν
993 2355 1108 2423 ἐπὶ
1153 2356 1270 2445 τὴν
1313 2356 1548 2445 μάχην.

370 2473 438 2526 11
651 2467 749 2527 11.
796 2463 1021 2528 HOA.
1101 2452 1293 2524 Ἀλλ’
1314 2511 1332 2541 ,
1402 2445 1455 2524 ὦ
1515 2455 1778 2546 άριστε,
1848 2458 1928 2525 σὺ
1994 2459 2115 2542 μὲν
2178 2457 2411 2545 ωσπερ
2479 2460 2624 2528 τινὰ

475 2558 828 2652 ἀστραπὴν
885 2561 1461 2648 παραδραμοῦσαν
1518 2555 1706 2640 ἅπαξ
1763 2557 1935 2639 εἶδες
1990 2555 2197 2650 αὐτὴν
2252 2564 2364 2628 καὶ
2411 2561 2630 2640 ἔοικας

474 2664 560 2732 τὰ
619 2664 946 2752 πρόχειρα
1002 2666 1242 2745 ταῦτα,
1300 2665 1467 2750 λέγω
1528 2664 1599 2730 δὲ
1656 2662 1733 2730 τὸ
1791 2667 1987 2747 σῶμα
2028 2665 2141 2730 καὶ
2182 2661 2301 2751 τὴν
2344 2665 2627 2752 μορφήν,

477 2767 811 2836 ἐπαινεῖν·
878 2768 1012 2834 τῶν
1081 2767 1152 2832 δὲ
1208 2769 1326 2853 τῆς
1382 2769 1598 2855 ψυχῆς
1656 2759 1935 2851 ἀγαθῶν
1992 2759 2285 2844 ἀθέατος
2352 2762 2412 2833 εἶ
2483 2760 2629 2833 οὐδὲ
2722 2827 2724 2846 ,

477 2866 694 2936 οἶσθα
724 2862 885 2935 ὅσον
914 2866 990 2934 τὸ
1025 2868 1266 2946 κάλλος
1298 2867 1505 2934 ἐκεῖνό
1540 2867 1719 2936 ἐστιν
1750 2861 1954 2954 αὐτῆς
1987 2869 2220 2953 μακρῷ
2260 2893 2398 2934 τινι
2442 2863 2631 2954 ἄμει-

478 2997 590 3036 νον
617 2973 726 3038 καὶ
759 2969 1263 3054 θεοειδέστερον
1305 2973 1427 3037 τοῦ
1472 2969 1801 3053 σώματος.
1872 2968 1997 3055 ἐγὼ
2030 2969 2121 3051 δὲ,
2169 2969 2467 3057 συνήθης
2511 2973 2630 3056 γάρ

478 3075 646 3158 εἰμι,
706 3076 818 3139 καὶ
866 3073 1078 3160 λόγων
1123 3071 1529 3160 ἐκοινώνησα
1573 3072 1898 3148 πολλάκις
1942 3067 2277 3157 ὁμοεθνὴς
2321 3067 2435 3139 ὤν.
2526 3075 2630 3139 καὶ

474 3177 631 3263 γάρ,
693 3171 784 3254 ὥς
842 3171 1053 3241 οἶσθα
1110 3177 1217 3240 καὶ
1280 3168 1506 3254 αὐτός,
1564 3173 1640 3241 τὸ
1686 3167 1931 3263 ἥμερον
1973 3176 2084 3241 καὶ
2130 3174 2629 3262 φιλάνθρωπον
2647 3181 2705 3234 4oe

477 3285 587 3346 καὶ
618 3278 694 3345 τὸ
727 3279 1153 3366 μεγαλόφρον
1182 3282 1289 3344 καὶ
1326 3277 1766 3366 σωφροσύνην
1808 3281 1921 3345 καὶ
1966 3279 2287 3346 παιδείαν
2332 3274 2466 3364 πρό
2517 3280 2632 3344 τοῦ

473 3381 755 3459 κάλλους
814 3381 1104 3447 ἐπαινῶ·
1163 3375 1318 3458 ἄξια
1376 3378 1501 3464 γὰρ
1548 3385 2039 3464 προκεκρίσθαι
2082 3383 2293 3446 ταῦτα
2336 3382 2456 3445 τοῦ
2503 3379 2632 3445 σῶ-

473 3502 717 3568 ματος·
765 3482 914 3549 ἐπεὶ
963 3478 1201 3569 ι’ίλογον
1246 3472 1327 3548 ἂν
1359 3482 1461 3571 εἴη
1507 3485 1615 3548 καὶ
1661 3483 1938 3568 γελοῖον,
1986 3481 2215 3564 ὥσπερ
2262 3481 2328 3547 εἴ
2366 3505 2472 3559 τις
2517 3481 2633 3569 τὴν

477 3586 740 3673 ἐσθῆτα
773 3583 903 3670 πρὸ
937 3587 1057 3651 τοῦ
1090 3584 1401 3668 σώματος
1432 3583 1792 3667 θαυμάζοι.
1866 3582 1941 3650 τὸ
1992 3578 2049 3649 δ’
2101 3582 2372 3663 ἔντελές,
2422 3579 2632 3668 οἶμαι,

473 3689 714 3766 κάλλος
759 3680 958 3754 τοῦτό
1003 3685 1212 3768 εστιν,
1271 3681 1535 3754 ὁπόταν
1582 3685 1648 3764 ἐς
1693 3684 1769 3752 τὸ
1820 3679 1978 3752 αὐτὸ
2030 3686 2369 3772 συνδράμῃ
2417 3690 2633 3772 ψυχῆς

475 3784 672 3875 άρετὴ
705 3792 814 3856 καὶ
853 3782 1185 3877 εὐμορφία
1231 3788 1561 3872 σώματος.
1637 3781 1868 3872 άμέλει
1911 3786 2169 3866 πολλὰς
2214 3815 2295 3853 αν
2341 3809 2452 3854 σοι
2498 3789 2632 3854 δεί-

476 3892 665 3974 ξαιμι
720 3895 984 3979 μορφῆς
1035 3893 1156 3975 μὲν
1215 3889 1282 3957 εὖ
1346 3890 1650 3976 ἐχούσας,
1708 3888 1793 3956 τὰ
1853 3890 1925 3956 δὲ
1983 3885 2153 3956 αλλα
2199 3887 2633 3972 αἰσχυνούσας

471 3993 550 4060 τὸ
611 3993 879 4080 κάλλος,
949 3990 1040 4072 (ὗς
1095 3997 1208 4060 καὶ
1264 3993 1468 4077 μόνον
1530 3992 2011 4080 φθεγξαμένων
2071 3985 2413 4058 ἇπανθεῑν
2473 3987 2626 4058 αἰτὸ
