2750 4534
411 245 492 303 88
1305 244 1679 297 ΔΟΥΚΙΑΝΟΥ

581 418 830 479 ΖΕΥΣ.
912 405 1217 500 Ἀνάγκη,
1273 396 1330 477 εὖ
1372 416 1681 478 Κυνίσκε.
1756 416 1827 478 τί
1872 403 1935 475 δ’
1992 397 2105 477 οῦν
2152 409 2594 497 ἐμειδίασας,·

583 521 793 581 KYN.
873 506 1342 601 Ἀνεμνήσθην
1402 510 1667 579 ἐκείνων
1722 516 1856 579 τῶν
1908 508 2194 598 Ὁμήρου
2252 512 2484 597 ἐπῶν,
2548 516 2595 582 ἅ

413 622 826 704 πεποίησαι,
886 618 1098 681 ταῦτα
1153 613 1222 680 ἐν
1263 617 1348 701 τῇ
1396 612 1707 702 ἐκκλησίᾳ
1750 616 1883 680 τῶν
1929 618 2114 680 θεῶν
2160 614 2595 703 δημηγορῶν,

412 714 626 785 ὁπότε
670 712 974 803 ἠπείλεις
1003 710 1234 793 αὐτοῖς
1265 712 1358 792 ῶς
1392 709 1529 783 ἆπὸ
1579 718 1808 801 σειρᾶς
1851 738 2034 793 τινος
2074 719 2322 803 χρυσῆς
2370 712 2675 839 ἆναρ-629

411 819 778 907 τησόμενος
820 816 904 885 τὰ
951 818 1207 885 πάντα·
1269 818 1546 906 ε’φησθα
1595 816 1722 903 γὰρ
1769 810 1970 894 αὐτὸς
2012 817 2133 901 μὲν
2176 817 2296 904 τὴν
2345 818 2593 905 σειρὰν

413 920 743 1011 καθήσειν
805 918 877 999 ἒξ
919 913 1235 1005 ούρανοῦ,
1295 918 1453 996 τοὺς
1508 916 1718 997 θεοὺς
1778 919 1850 985 δὲ
1910 911 2249 1000 ἅπαντας,
2302 920 2361 987 εἰ
2422 915 2593 1006 βού-

417 1025 673 1103 λοιντο,
762 1020 1280 1108 ἐκκρεμαμένους
1361 1023 1719 1087 κατασπᾶν
1804 1019 2204 1105 βιάζεσθαι,
2295 1016 2368 1088 οῦ
2455 1022 2595 1109 μὴν

415 1121 877 1189 κατασπάσειν
906 1146 997 1207 γε,
1047 1123 1122 1189 σὲ
1153 1122 1245 1203 δέ,
1293 1118 1555 1189 ὁπόταν
1585 1115 1934 1209 ἐθελήσης,
1981 1116 2299 1210 ῥᾳδίως
2270 1116 2595 1202 ἅπαντας

740 1215 907 1343 αὗτῆ
950 1248 1059 1290 κεν
1103 1230 1258 1311 γαίῃ
1307 1221 1541 1307 ἐρύσαι
1588 1215 1755 1309 αὐτῇ
1799 1248 1873 1289 τε
1914 1223 2256 1311 θαλάσση.

416 1325 570 1393 τότε
598 1324 718 1411 μὲν
750 1310 866 1392 οῦν
896 1324 1285 1409 θαυμάσιος
1331 1324 1585 1403 ἐδόκεις
1610 1348 1730 1409 μοι
1758 1324 1877 1410 τὴν
1916 1331 2074 1410 βίαν
2104 1328 2217 1393 καὶ
2244 1322 2597 1413 ὑπέφριτ-

416 1452 532 1495 τον
575 1425 822 1511 μεταξύ
871 1425 1127 1494 ἀκούων
1170 1429 1303 1492 τῶν
1364 1424 1578 1491 επῶν·
1626 1430 1738 1492 νῦν
1784 1426 1857 1492 δὲ
1904 1420 2103 1493 αὐτόν
2149 1450 2225 1493 σε
2266 1422 2390 1515 ἤδη
2450 1423 2597 1514 δρῶ

417 1527 586 1612 μετὰ
646 1532 763 1614 τῆς
823 1532 1051 1614 σειρᾶς
1105 1531 1217 1595 καὶ
1263 1531 1395 1594 τῶν
1443 1521 1740 1595 ἀπειλῶν
1788 1522 1925 1595 ἇπὸ
1975 1530 2222 1595 λεπτοῦ
2267 1528 2595 1615 νήματος,

419 1628 508 1710 ὥς
566 1631 726 1720 φής,
784 1630 1212 1717 κρεμάμενον.
1303 1629 1488 1696 δοκεῖ
1538 1633 1695 1715 γοῦν
1751 1655 1872 1714 μοι
1928 1630 2342 1716 δικαιότερον
2393 1618 2497 1696 ἂν
2556 1628 2596 1719 ἡ

421 1731 692 1800 Κλωθώ
746 1725 1421 1818 μεγαλαυχήσασθαι,
1482 1726 1572 1809 ῶς
1613 1734 1726 1798 καὶ
1775 1725 1975 1798 αὐτὸν
2022 1732 2097 1798 σὲ
2142 1725 2599 1799 ἀνάσπαστον

423 1835 766 1921 αἰωροῦσα
803 1833 874 1900 ἐκ
914 1841 1033 1899 τοῦ
1080 1826 1410 1918 ἀτράκτου
1454 1832 1773 1914 καθάπερ
1818 1833 1885 1899 οἱ
1931 1829 2146 1911 ἆλιεῑς
2190 1832 2258 1899 ἐκ
2299 1835 2417 1899 τοῦ
2472 1860 2599 1900 κα-

428 1938 640 2019 λάμου
686 1935 770 2001 τὰ
820 1933 1114 2016 ἰχθύδια.

354 2049 391 2105 5
602 2043 661 2103 5.
708 2040 958 2101 ΖΕΥΣ.
1015 2029 1152 2104 Οὔκ
1183 2028 1315 2102 οἶδ’
1367 2027 1408 2101 3
1449 2061 1518 2102 τι
1549 2058 1661 2101 σοι
1690 2038 1884 2102 ταυτὶ
1926 2035 2241 2118 βούλεται
2284 2034 2368 2101 τὰ
2412 2036 2598 2123 ἐρω-

427 2137 713 2227 τήματα.

599 2245 810 2305 ΚΥΝ.
890 2232 1164 2319 Ἐκεῖνο,
1224 2224 1280 2303 ῶ
1325 2240 1489 2304 Ζεῦ·
1548 2239 1661 2305 καὶ
1715 2237 1890 2325 πρὸς
1942 2241 2076 2305 τῶν
2129 2241 2411 2323 Μοιρῶν
2480 2242 2600 2305 καὶ

427 2345 543 2429 τῆς
605 2342 1024 2428 Εἱμαρμένης
1087 2339 1178 2428 μὴ
1236 2344 1529 2423 τραχέως
1583 2339 1752 2428 μηδε
1814 2337 1987 2427 πρὸς
2046 2333 2243 2427 ὀργὴν
2300 2338 2602 2428 ἀκούσῃς

426 2468 556 2528 μου
589 2436 854 2531 τάληθῆ
897 2442 1066 2526 μετὰ
1098 2448 1479 2529 παρρησίας
1526 2443 1845 2527 λέγοντος.
1922 2440 1983 2507 εἰ
2025 2440 2150 2527 γὰρ
2197 2434 2403 2519 οῦτως
2454 2442 2683 2525 ἕχειθω

427 2548 638 2611 ταῦτα
666 2547 778 2612 καὶ
824 2543 1098 2611 πάντων
1145 2543 1218 2609 αἱ
1261 2548 1531 2630 Μοῖραι
1574 2546 1891 2627 κρατοῦσι
1934 2545 2048 2608 καὶ
2096 2535 2284 2609 οῦδὲν
2330 2533 2411 2608 ἂν
2461 2540 2591 2609 ὕπ’

433 2640 701 2725 οὗδενός
735 2641 1046 2733 ἀλλαγείη
1079 2648 1210 2712 τῶν
1259 2637 1451 2722 ἅπαξ
1491 2638 1828 2722 δοξάντων
1874 2637 2127 2725 αῦταῖς,
2174 2651 2352 2722 τίνος
2398 2644 2599 2712 ἕνεκα

429 2746 584 2833 ύμῖν
659 2750 724 2815 οἱ
791 2744 1155 2831 ἅνθρωποι
1219 2746 1479 2832 θύομεν
1544 2750 1657 2814 καὶ
1724 2745 2097 2831 ἑκατόμβας
2161 2741 2599 2833 προσάγομεν

433 2846 776 2935 εὐχόμενοι
839 2854 1163 2936 γενέσθαι
1221 2846 1373 2936 ἡμῖν
1433 2842 1602 2934 παρ’
1664 2844 1849 2932 ὑμῶν
1904 2843 2212 2933 τᾶγαθάς
2276 2843 2392 2931 οὐχ
2448 2847 2599 2935 ὁρῶ

430 2952 554 3039 γὰρ
588 2946 624 3018 3
657 2978 723 3017 τι
756 2941 835 3018 ἂν
869 2946 1378 3035 ἀπολαύσαιμεν
1408 2955 1523 3038 τῆς
1566 2949 1957 3034 ἐπιμελείας
1998 2951 2271 3040 ταύτης,
2320 2950 2379 3017 εἰ
2420 2954 2599 3041 μήτε

432 3056 564 3120 τῶν
625 3051 900 3141 φαύλων
955 3046 1357 3137 ἀποτροπὰς
1412 3048 1737 3139 εὑρέσθαι
1795 3050 2077 3120 δυνατὸν
2133 3048 2289 3141 ἡμῖν
2346 3051 2415 3118 ἐκ
2457 3058 2599 3118 τῶν

437 3148 640 3237 εὐχῶν
684 3154 851 3238 μήτε
899 3148 1166 3240 &eya-9013
1210 3178 1395 3232 τινος
1438 3154 1816 3221 θεοσδότου
1862 3154 2217 3237 ἐπιτυχεῖν.

367 3263 404 3319 6
611 3261 668 3323 6.
716 3262 966 3323 ΖΕΥΣ.
1021 3252 1194 3324 Οἶδα
1225 3250 1391 3323 ὅθεν
1424 3279 1533 3324 σοι
1563 3255 1648 3322 τὰ
1678 3254 1912 3341 κομψὰ
1942 3260 2156 3322 ταῦτα
2200 3256 2599 3345 ἐρωτήματά

438 3357 613 3440 ἐστι,
672 3356 859 3445 παρὰ
904 3361 1038 3425 τῶν
1080 3358 1473 3444 καταράτων
1520 3362 1894 3447 σοφιστῶν,
1955 3362 2023 3425 οἳ
2065 3358 2233 3446 μηδὲ
2275 3374 2599 3443 προνοεῖν

437 3457 610 3547 ἡμᾶς
676 3468 808 3528 τῶν
876 3453 1265 3546 ἀνθρώπων
1332 3466 1574 3548 φασίν·
1644 3459 1885 3527 ἐκεῖνοι
1946 3463 2103 3547 γοῦν
2168 3459 2253 3525 τὰ
2312 3464 2597 3527 τοιαῦτα

440 3561 774 3647 ἐρωτῶσιν
831 3554 954 3627 ὑπ’
1020 3556 1330 3646 ἀσεβείας
1342 3612 1360 3641 ,
1422 3555 1921 3645 ἀποτρέποντες
1977 3563 2084 3627 καὶ
2144 3560 2299 3637 τοὺς
2352 3556 2598 3639 ἄλλους

439 3663 633 3731 θύειν
693 3667 802 3731 καὶ
849 3658 1168 3746 ευχεσθαι
1213 3659 1304 3739 ὥς
1351 3662 1602 3730 εἰκαῖον
1645 3658 1760 3729 ὄν·
1822 3658 1992 3749 ἡμᾶς
2045 3687 2171 3749 γαρ
2232 3658 2373 3729 οὔτ’
2438 3662 2595 3730 ἐπι-

437 3768 800 3864 μελεῖσθαι
828 3768 962 3831 τῶν
992 3769 1470 3849 πραττομένων
1514 3758 1682 3851 παρ’
1732 3760 1889 3849 ὗμῑν
1936 3758 2096 3831 ουθ
2149 3756 2323 3843 ὅλως
2365 3791 2433 3831 τι
2480 3766 2595 3832 δύ-

441 3860 698 3935 νασθαι
728 3866 903 3954 πρὸς
933 3864 1014 3932 τὰ
1063 3863 1130 3932 ἐν
1174 3870 1257 3953 τῇ
1299 3892 1381 3954 γη
1429 3865 1811 3954 πράγματα.
1858 3863 2035 3954 πλὴν
2080 3890 2155 3931 ου
2196 3866 2598 3954 χαιρήσουσί

439 3993 511 4054 γε
553 3968 636 4033 τὰ
683 3971 961 4034 τοιαῦτα
1007 3966 1384 4044 διεξιόντες.
