<?xml version="1.0" encoding="UTF-8"?>
<!DOCTYPE html PUBLIC "-//W3C//DTD XHTML 1.0 Transitional//EN"
    "http://www.w3.org/TR/xhtml1/DTD/xhtml1-transitional.dtd">
<html xmlns="http://www.w3.org/1999/xhtml" xml:lang="en" lang="en">
 <head>
  <title>
</title>
<meta http-equiv="Content-Type" content="text/html;charset=utf-8" />
  <meta name='ocr-system' content='tesseract 3.04.00' />
  <meta name='ocr-capabilities' content='ocr_page ocr_carea ocr_par ocr_line ocrx_word'/>
</head>
<body>
  <div class='ocr_page' id='page_1' title='image "./lucianus01sommgoog_0236.png"; bbox 0 0 2750 4534; ppageno 0'>
   <div class='ocr_carea' id='block_1_1' title="bbox 414 266 1612 326">
    <p class='ocr_par' dir='ltr' id='par_1_1' title="bbox 414 266 1612 326">
     <span class='ocr_line' id='line_1_1' title="bbox 414 266 1612 326; baseline -0.003 -2"><span class='ocrx_word' id='word_1_1' title='bbox 414 266 489 325; x_wconf 86' lang='lat'><strong><em>21</em></strong></span> <span class='ocrx_word' id='word_1_2' title='bbox 502 268 537 326; x_wconf 90' lang='grc'><strong>6</strong></span> <span class='ocrx_word' id='word_1_3' title='bbox 1354 267 1612 321; x_wconf 81' lang='lat' dir='ltr'>LUCIANI</span> 
     </span>
    </p>
   </div>
   <div class='ocr_carea' id='block_1_2' title="bbox 626 436 2586 829">
    <p class='ocr_par' dir='ltr' id='par_1_2' title="bbox 626 436 2586 829">
     <span class='ocr_line' id='line_1_2' title="bbox 626 436 2586 525; baseline 0 -21"><span class='ocrx_word' id='word_1_4' title='bbox 626 476 707 487; x_wconf 89' lang='lat'>—</span> <span class='ocrx_word' id='word_1_5' title='bbox 750 437 868 521; x_wconf 82' lang='grc' dir='ltr'><strong><em>τὴν</em></strong></span> <span class='ocrx_word' id='word_1_6' title='bbox 914 450 1123 519; x_wconf 91' lang='grc' dir='ltr'><strong><em>φιλοτ.</em></strong></span> <span class='ocrx_word' id='word_1_7' title='bbox 1170 436 1192 522; x_wconf 81' lang='grc' dir='ltr'><strong><em>ΙΙ</em></strong></span> <span class='ocrx_word' id='word_1_8' title='bbox 1234 458 1346 503; x_wconf 87' lang='lat' dir='ltr'><strong><em>om.</em></strong></span> <span class='ocrx_word' id='word_1_9' title='bbox 1393 438 1512 523; x_wconf 81' lang='grc' dir='ltr'><strong><em>τὴν</em></strong></span> <span class='ocrx_word' id='word_1_10' title='bbox 1557 443 1606 502; x_wconf 90' lang='grc' dir='ltr'><strong>Β</strong></span> <span class='ocrx_word' id='word_1_11' title='bbox 1651 478 1734 489; x_wconf 95' lang='grc'>-</span> <span class='ocrx_word' id='word_1_12' title='bbox 1779 440 1904 521; x_wconf 78' lang='grc' dir='ltr'><strong><em>ἐγὼ</em></strong></span> <span class='ocrx_word' id='word_1_13' title='bbox 1933 440 1954 525; x_wconf 65' lang='lat' dir='ltr'>fl</span> <span class='ocrx_word' id='word_1_14' title='bbox 1982 462 2100 504; x_wconf 91' lang='lat' dir='ltr'><strong><em>om.</em></strong></span> <span class='ocrx_word' id='word_1_15' title='bbox 2146 437 2213 502; x_wconf 96' lang='grc' dir='ltr'>Ω</span> <span class='ocrx_word' id='word_1_16' title='bbox 2261 476 2340 483; x_wconf 90' lang='grc'>-</span> <span class='ocrx_word' id='word_1_17' title='bbox 2391 445 2586 505; x_wconf 85' lang='grc' dir='ltr'><strong><em>Κυδι-</em></strong></span> 
     </span>
     <span class='ocr_line' id='line_1_3' title="bbox 629 538 2583 625; baseline 0.002 -19"><span class='ocrx_word' id='word_1_18' title='bbox 629 539 837 623; x_wconf 82' lang='grc' dir='ltr'><em>μάχην</em></span> <span class='ocrx_word' id='word_1_19' title='bbox 942 540 1329 623; x_wconf 86' lang='grc' dir='ltr'><strong><em>Κυδαμάχην</em></strong></span> <span class='ocrx_word' id='word_1_20' title='bbox 1373 538 1442 603; x_wconf 88' lang='grc' dir='ltr'>Ω</span> <span class='ocrx_word' id='word_1_21' title='bbox 1503 578 1582 587; x_wconf 90' lang='grc'>-</span> <span class='ocrx_word' id='word_1_22' title='bbox 1639 546 1702 621; x_wconf 86' lang='grc' dir='ltr'><strong><em>ές</em></strong></span> <span class='ocrx_word' id='word_1_23' title='bbox 1760 541 1878 608; x_wconf 86' lang='grc' dir='ltr'><strong><em>τὸν</em></strong></span> <span class='ocrx_word' id='word_1_24' title='bbox 1935 552 1995 609; x_wconf 97' lang='grc' dir='ltr'><strong><em>θ.</em></strong></span> <span class='ocrx_word' id='word_1_25' title='bbox 2045 541 2066 625; x_wconf 70' lang='lat' dir='ltr'>ss</span> <span class='ocrx_word' id='word_1_26' title='bbox 2109 549 2194 621; x_wconf 86' lang='grc' dir='ltr'><strong><em>εἰς</em></strong></span> <span class='ocrx_word' id='word_1_27' title='bbox 2237 569 2291 609; x_wconf 92' lang='grc' dir='ltr'><strong><em>τ.</em></strong></span> <span class='ocrx_word' id='word_1_28' title='bbox 2339 551 2404 609; x_wconf 88' lang='grc' dir='ltr'><strong><em>θ.</em></strong></span> <span class='ocrx_word' id='word_1_29' title='bbox 2459 539 2583 603; x_wconf 85' lang='grc' dir='ltr'><strong><em>ΩΒ</em></strong></span> 
     </span>
     <span class='ocr_line' id='line_1_4' title="bbox 630 640 2585 731; baseline -0.001 -23"><span class='ocrx_word' id='word_1_30' title='bbox 630 679 714 690; x_wconf 93' lang='grc'>-</span> <span class='ocrx_word' id='word_1_31' title='bbox 759 652 1089 726; x_wconf 74' lang='grc' dir='ltr'><strong><em>προσῆλθε</em></strong></span> <span class='ocrx_word' id='word_1_32' title='bbox 1131 640 1151 727; x_wconf 77' lang='grc' dir='ltr'><strong><em>ΙΙ</em></strong></span> <span class='ocrx_word' id='word_1_33' title='bbox 1194 652 1565 727; x_wconf 74' lang='grc' dir='ltr'><strong><em>προσῆλθεν</em></strong></span> <span class='ocrx_word' id='word_1_34' title='bbox 1607 646 1662 705; x_wconf 93' lang='grc' dir='ltr'>Α</span> <span class='ocrx_word' id='word_1_35' title='bbox 1707 681 1790 691; x_wconf 95' lang='grc'>-</span> <span class='ocrx_word' id='word_1_36' title='bbox 1835 643 2046 729; x_wconf 89' lang='grc' dir='ltr'><strong><em>πάντη</em></strong></span> <span class='ocrx_word' id='word_1_37' title='bbox 2089 642 2110 731; x_wconf 73' lang='lat' dir='ltr'>fl</span> <span class='ocrx_word' id='word_1_38' title='bbox 2151 643 2387 727; x_wconf 89' lang='grc' dir='ltr'><strong><em>πάντηι</em></strong></span> <span class='ocrx_word' id='word_1_39' title='bbox 2417 648 2467 706; x_wconf 94' lang='grc' dir='ltr'>Β</span> <span class='ocrx_word' id='word_1_40' title='bbox 2502 681 2585 691; x_wconf 95' lang='grc'>-</span> 
     </span>
     <span class='ocr_line' id='line_1_5' title="bbox 630 744 1763 829; baseline -0.001 -18"><span class='ocrx_word' id='word_1_41' title='bbox 630 744 706 811; x_wconf 88' lang='grc' dir='ltr'><strong><em>τὸ</em></strong></span> <span class='ocrx_word' id='word_1_42' title='bbox 754 745 879 811; x_wconf 84' lang='grc' dir='ltr'><strong><em>ἀπ’</em></strong></span> <span class='ocrx_word' id='word_1_43' title='bbox 925 749 1177 812; x_wconf 81' lang='grc' dir='ltr'><strong><em>ἐκείνου</em></strong></span> <span class='ocrx_word' id='word_1_44' title='bbox 1219 745 1239 829; x_wconf 81' lang='grc' dir='ltr'><strong><em>ΙΙ</em></strong></span> <span class='ocrx_word' id='word_1_45' title='bbox 1280 754 1664 812; x_wconf 88' lang='grc' dir='ltr'><strong><em>ταπεκείνου</em></strong></span> <span class='ocrx_word' id='word_1_46' title='bbox 1708 749 1763 810; x_wconf 91' lang='grc' dir='ltr'>Α</span> 
     </span>
    </p>
   </div>
   <div class='ocr_carea' id='block_1_3' title="bbox 418 845 2586 1547">
    <p class='ocr_par' dir='ltr' id='par_1_3' title="bbox 418 845 2586 1547">
     <span class='ocr_line' id='line_1_6' title="bbox 418 845 2585 935; baseline 0 -25"><span class='ocrx_word' id='word_1_47' title='bbox 418 868 469 911; x_wconf 84' lang='lat' dir='ltr'><strong><em>e.</em></strong></span> <span class='ocrx_word' id='word_1_48' title='bbox 499 854 597 912; x_wconf 87' lang='lat'><strong><em>26.</em></strong></span> <span class='ocrx_word' id='word_1_49' title='bbox 631 864 1034 932; x_wconf 83' lang='grc' dir='ltr'><strong><em>καταφρονεῖ</em></strong></span> <span class='ocrx_word' id='word_1_50' title='bbox 1070 845 1091 933; x_wconf 84' lang='grc' dir='ltr'>Ι</span> <span class='ocrx_word' id='word_1_51' title='bbox 1131 858 1570 931; x_wconf 77' lang='grc' dir='ltr'><strong><em>καταφρονῶν</em></strong></span> <span class='ocrx_word' id='word_1_52' title='bbox 1615 847 1684 911; x_wconf 90' lang='grc' dir='ltr'>Ω</span> <span class='ocrx_word' id='word_1_53' title='bbox 1740 884 1824 895; x_wconf 93' lang='lat'>-</span> <span class='ocrx_word' id='word_1_54' title='bbox 1869 853 2068 916; x_wconf 84' lang='grc' dir='ltr'><strong><em>οἴεται</em></strong></span> <span class='ocrx_word' id='word_1_55' title='bbox 2109 847 2130 935; x_wconf 81' lang='grc' dir='ltr'>Ι</span> <span class='ocrx_word' id='word_1_56' title='bbox 2172 853 2412 931; x_wconf 80' lang='grc' dir='ltr'><strong><em>οἴχεται</em></strong></span> <span class='ocrx_word' id='word_1_57' title='bbox 2456 846 2585 912; x_wconf 88' lang='grc' dir='ltr'><strong><em>ΑΩ</em></strong></span> 
     </span>
     <span class='ocr_line' id='line_1_7' title="bbox 630 948 2584 1036; baseline 0.001 -21"><span class='ocrx_word' id='word_1_58' title='bbox 630 986 717 996; x_wconf 90' lang='grc'>-</span> <span class='ocrx_word' id='word_1_59' title='bbox 760 948 1017 1016; x_wconf 83' lang='grc' dir='ltr'><strong><em>τούτων</em></strong></span> <span class='ocrx_word' id='word_1_60' title='bbox 1059 948 1080 1036; x_wconf 81' lang='grc' dir='ltr'>Ι</span> <span class='ocrx_word' id='word_1_61' title='bbox 1122 959 1364 1017; x_wconf 84' lang='grc' dir='ltr'><strong><em>τοῦτον</em></strong></span> <span class='ocrx_word' id='word_1_62' title='bbox 1419 949 1488 1014; x_wconf 89' lang='grc' dir='ltr'>Ω</span> <span class='ocrx_word' id='word_1_63' title='bbox 1531 986 1615 999; x_wconf 90' lang='grc'>-</span> <span class='ocrx_word' id='word_1_64' title='bbox 1675 951 1880 1018; x_wconf 79' lang='grc' dir='ltr'><strong><em>αὐτὸν</em></strong></span> <span class='ocrx_word' id='word_1_65' title='bbox 1925 951 1947 1031; x_wconf 91' lang='grc' dir='ltr'>Ι</span> <span class='ocrx_word' id='word_1_66' title='bbox 1986 974 2103 1015; x_wconf 89' lang='lat' dir='ltr'><strong><em>om.</em></strong></span> <span class='ocrx_word' id='word_1_67' title='bbox 2149 949 2218 1014; x_wconf 89' lang='grc' dir='ltr'>Ω</span> <span class='ocrx_word' id='word_1_68' title='bbox 2263 989 2343 997; x_wconf 89' lang='grc'><strong>-</strong></span> <span class='ocrx_word' id='word_1_69' title='bbox 2390 959 2501 1016; x_wconf 86' lang='grc' dir='ltr'><strong><em>καὶ</em></strong></span> <span class='ocrx_word' id='word_1_70' title='bbox 2547 952 2584 1034; x_wconf 78' lang='grc' dir='ltr'><em>ἣ</em></span> 
     </span>
     <span class='ocr_line' id='line_1_8' title="bbox 625 1050 2586 1138; baseline 0.001 -20"><span class='ocrx_word' id='word_1_71' title='bbox 625 1050 783 1134; x_wconf 83' lang='grc' dir='ltr'><strong><em>τύχη</em></strong></span> <span class='ocrx_word' id='word_1_72' title='bbox 827 1052 847 1136; x_wconf 85' lang='grc' dir='ltr'><strong><em>ΙΙ</em></strong></span> <span class='ocrx_word' id='word_1_73' title='bbox 888 1072 1004 1115; x_wconf 85' lang='lat' dir='ltr'><strong><em>om.</em></strong></span> <span class='ocrx_word' id='word_1_74' title='bbox 1061 1059 1168 1119; x_wconf 80' lang='grc' dir='ltr'><strong><em>καὶ</em></strong></span> <span class='ocrx_word' id='word_1_75' title='bbox 1212 1050 1336 1115; x_wconf 91' lang='grc' dir='ltr'>ΑΩ</span> <span class='ocrx_word' id='word_1_76' title='bbox 1385 1091 1464 1100; x_wconf 94' lang='grc'>-</span> <span class='ocrx_word' id='word_1_77' title='bbox 1511 1053 1674 1120; x_wconf 77' lang='grc' dir='ltr'><strong><em>αὐτὸ</em></strong></span> <span class='ocrx_word' id='word_1_78' title='bbox 1713 1052 1732 1138; x_wconf 76' lang='grc' dir='ltr'><strong><em>ΙΙ</em></strong></span> <span class='ocrx_word' id='word_1_79' title='bbox 1779 1053 1976 1133; x_wconf 79' lang='grc' dir='ltr'><strong><em>αὐτὸς</em></strong></span> <span class='ocrx_word' id='word_1_80' title='bbox 2019 1051 2088 1116; x_wconf 89' lang='grc' dir='ltr'>Ω</span> <span class='ocrx_word' id='word_1_81' title='bbox 2145 1090 2228 1099; x_wconf 92' lang='grc'><strong>-</strong></span> <span class='ocrx_word' id='word_1_82' title='bbox 2283 1054 2321 1119; x_wconf 79' lang='grc' dir='ltr'><em>ὃ</em></span> <span class='ocrx_word' id='word_1_83' title='bbox 2369 1053 2586 1137; x_wconf 77' lang='grc' dir='ltr'><strong><em>πατὴρ</em></strong></span> 
     </span>
     <span class='ocr_line' id='line_1_9' title="bbox 628 1152 2583 1241; baseline -0.001 -21"><span class='ocrx_word' id='word_1_84' title='bbox 628 1162 714 1233; x_wconf 90' lang='grc' dir='ltr'><strong><em>εἰς</em></strong></span> <span class='ocrx_word' id='word_1_85' title='bbox 770 1153 845 1221; x_wconf 86' lang='grc' dir='ltr'><strong><em>τὸ</em></strong></span> <span class='ocrx_word' id='word_1_86' title='bbox 899 1164 1080 1235; x_wconf 86' lang='grc' dir='ltr'><strong><em>βουλ.</em></strong></span> <span class='ocrx_word' id='word_1_87' title='bbox 1130 1152 1150 1238; x_wconf 84' lang='grc' dir='ltr'><strong><em>Ι]</em></strong></span> <span class='ocrx_word' id='word_1_88' title='bbox 1194 1162 1279 1233; x_wconf 83' lang='grc' dir='ltr'><strong><em>εἰς</em></strong></span> <span class='ocrx_word' id='word_1_89' title='bbox 1323 1155 1402 1222; x_wconf 89' lang='grc' dir='ltr'><strong><em>τὸ</em></strong></span> <span class='ocrx_word' id='word_1_90' title='bbox 1443 1164 1625 1235; x_wconf 84' lang='grc' dir='ltr'><strong><em>βουλ.</em></strong></span> <span class='ocrx_word' id='word_1_91' title='bbox 1683 1156 1720 1223; x_wconf 82' lang='grc' dir='ltr'><strong>ὁ</strong></span> <span class='ocrx_word' id='word_1_92' title='bbox 1767 1156 1976 1241; x_wconf 75' lang='grc' dir='ltr'><strong><em>πατὴρ</em></strong></span> <span class='ocrx_word' id='word_1_93' title='bbox 2021 1161 2076 1219; x_wconf 92' lang='grc' dir='ltr'>Α</span> <span class='ocrx_word' id='word_1_94' title='bbox 2136 1178 2251 1219; x_wconf 87' lang='lat' dir='ltr'><strong><em>om.</em></strong></span> <span class='ocrx_word' id='word_1_95' title='bbox 2299 1155 2337 1221; x_wconf 82' lang='grc' dir='ltr'>ὃ</span> <span class='ocrx_word' id='word_1_96' title='bbox 2383 1154 2453 1218; x_wconf 92' lang='grc' dir='ltr'>Ω</span> <span class='ocrx_word' id='word_1_97' title='bbox 2502 1192 2583 1201; x_wconf 90' lang='lat'><strong><em>-—</em></strong></span> 
     </span>
     <span class='ocr_line' id='line_1_10' title="bbox 626 1254 2585 1343; baseline -0.002 -20"><span class='ocrx_word' id='word_1_98' title='bbox 626 1267 749 1323; x_wconf 85' lang='grc' dir='ltr'><strong><em>τοῦ</em></strong></span> <span class='ocrx_word' id='word_1_99' title='bbox 794 1256 1068 1325; x_wconf 82' lang='grc' dir='ltr'><strong><em>πάππου</em></strong></span> <span class='ocrx_word' id='word_1_100' title='bbox 1112 1254 1133 1342; x_wconf 79' lang='grc' dir='ltr'>Ι</span> <span class='ocrx_word' id='word_1_101' title='bbox 1176 1278 1292 1321; x_wconf 88' lang='lat' dir='ltr'><strong><em>om.</em></strong></span> <span class='ocrx_word' id='word_1_102' title='bbox 1337 1268 1460 1325; x_wconf 88' lang='grc' dir='ltr'><strong><em>τοῦ</em></strong></span> <span class='ocrx_word' id='word_1_103' title='bbox 1503 1255 1572 1320; x_wconf 93' lang='grc' dir='ltr'>Ω</span> <span class='ocrx_word' id='word_1_104' title='bbox 1631 1295 1714 1305; x_wconf 94' lang='grc'>-</span> <span class='ocrx_word' id='word_1_105' title='bbox 1768 1264 2014 1337; x_wconf 89' lang='grc' dir='ltr'><strong><em>μέλανα</em></strong></span> <span class='ocrx_word' id='word_1_106' title='bbox 2057 1258 2076 1343; x_wconf 83' lang='grc' dir='ltr'><strong><em>ΙΙ</em></strong></span> <span class='ocrx_word' id='word_1_107' title='bbox 2115 1264 2347 1338; x_wconf 90' lang='grc' dir='ltr'><strong><em>μέλενα</em></strong></span> <span class='ocrx_word' id='word_1_108' title='bbox 2397 1262 2454 1319; x_wconf 93' lang='grc' dir='ltr'>Α</span> <span class='ocrx_word' id='word_1_109' title='bbox 2501 1295 2585 1305; x_wconf 89' lang='grc'>-</span> 
     </span>
     <span class='ocr_line' id='line_1_11' title="bbox 626 1355 2580 1444; baseline 0 -19"><span class='ocrx_word' id='word_1_110' title='bbox 626 1358 983 1439; x_wconf 84' lang='grc' dir='ltr'><strong><em>βουλευτὰς</em></strong></span> <span class='ocrx_word' id='word_1_111' title='bbox 1024 1355 1045 1441; x_wconf 87' lang='grc' dir='ltr'>Ι</span> <span class='ocrx_word' id='word_1_112' title='bbox 1088 1358 1387 1438; x_wconf 85' lang='grc' dir='ltr'><strong><em>δικαστὰς</em></strong></span> <span class='ocrx_word' id='word_1_113' title='bbox 1431 1357 1502 1422; x_wconf 93' lang='grc' dir='ltr'>Ω</span> <span class='ocrx_word' id='word_1_114' title='bbox 1531 1396 1616 1407; x_wconf 88' lang='lat'><strong><em>—-</em></strong></span> <span class='ocrx_word' id='word_1_115' title='bbox 1659 1366 1997 1444; x_wconf 87' lang='grc' dir='ltr'><strong><em>συνέδριον</em></strong></span> <span class='ocrx_word' id='word_1_116' title='bbox 2039 1359 2060 1444; x_wconf 72' lang='lat' dir='ltr'>fl</span> <span class='ocrx_word' id='word_1_117' title='bbox 2099 1358 2580 1443; x_wconf 82' lang='grc' dir='ltr'><strong><em>βουλευτήριον</em></strong></span> 
     </span>
     <span class='ocr_line' id='line_1_12' title="bbox 628 1457 2579 1547; baseline 0 -25"><span class='ocrx_word' id='word_1_118' title='bbox 628 1457 697 1522; x_wconf 93' lang='grc' dir='ltr'>Ω</span> <span class='ocrx_word' id='word_1_119' title='bbox 752 1498 835 1507; x_wconf 91' lang='grc'><strong>-</strong></span> <span class='ocrx_word' id='word_1_120' title='bbox 892 1468 1161 1527; x_wconf 87' lang='grc' dir='ltr'><strong><em>τοιαῦτα</em></strong></span> <span class='ocrx_word' id='word_1_121' title='bbox 1204 1459 1225 1544; x_wconf 82' lang='grc' dir='ltr'><strong><em>ΙΙ</em></strong></span> <span class='ocrx_word' id='word_1_122' title='bbox 1265 1471 1552 1527; x_wconf 86' lang='grc' dir='ltr'><strong><em>τοσαῦτα</em></strong></span> <span class='ocrx_word' id='word_1_123' title='bbox 1594 1459 1665 1524; x_wconf 92' lang='grc' dir='ltr'>Ω</span> <span class='ocrx_word' id='word_1_124' title='bbox 1721 1496 1804 1509; x_wconf 93' lang='lat'><strong><em>-—</em></strong></span> <span class='ocrx_word' id='word_1_125' title='bbox 1861 1465 2030 1543; x_wconf 79' lang='grc' dir='ltr'><strong><em>ἔλεγε</em></strong></span> <span class='ocrx_word' id='word_1_126' title='bbox 2071 1459 2092 1547; x_wconf 79' lang='grc' dir='ltr'>Ι</span> <span class='ocrx_word' id='word_1_127' title='bbox 2134 1464 2345 1541; x_wconf 79' lang='grc' dir='ltr'><strong><em>ἔλεγεν</em></strong></span> <span class='ocrx_word' id='word_1_128' title='bbox 2393 1458 2444 1522; x_wconf 95' lang='grc' dir='ltr'>Γ</span> <span class='ocrx_word' id='word_1_129' title='bbox 2498 1498 2579 1509; x_wconf 90' lang='lat'><strong><em>——</em></strong></span> 
     </span>
    </p>
   </div>
   <div class='ocr_carea' id='block_1_4' title="bbox 419 1560 2598 4097">
    <p class='ocr_par' dir='ltr' id='par_1_4' title="bbox 629 1560 1608 1648">
     <span class='ocr_line' id='line_1_13' title="bbox 629 1560 1608 1648; baseline -0.004 -19"><span class='ocrx_word' id='word_1_130' title='bbox 629 1572 921 1629; x_wconf 90' lang='grc' dir='ltr'><strong><em>Σκυθῶν</em></strong></span> <span class='ocrx_word' id='word_1_131' title='bbox 961 1560 981 1648; x_wconf 77' lang='grc' dir='ltr'>Ι</span> <span class='ocrx_word' id='word_1_132' title='bbox 1026 1572 1162 1628; x_wconf 91' lang='grc' dir='ltr'><strong><em>τῶν</em></strong></span> <span class='ocrx_word' id='word_1_133' title='bbox 1206 1572 1494 1629; x_wconf 78' lang='grc' dir='ltr'><strong><em>Σκυθῶν</em></strong></span> <span class='ocrx_word' id='word_1_134' title='bbox 1539 1561 1608 1625; x_wconf 90' lang='grc' dir='ltr'>Ω</span> 
     </span>
    </p>

    <p class='ocr_par' dir='ltr' id='par_1_5' title="bbox 419 1662 2589 1935">
     <span class='ocr_line' id='line_1_14' title="bbox 419 1662 2589 1750; baseline 0.001 -23"><span class='ocrx_word' id='word_1_135' title='bbox 419 1685 470 1728; x_wconf 81' lang='lat' dir='ltr'><strong><em>c.</em></strong></span> <span class='ocrx_word' id='word_1_136' title='bbox 500 1670 599 1727; x_wconf 85' lang='lat'><strong><em>27.</em></strong></span> <span class='ocrx_word' id='word_1_137' title='bbox 633 1668 696 1744; x_wconf 80' lang='grc' dir='ltr'><strong><em>ἐς</em></strong></span> <span class='ocrx_word' id='word_1_138' title='bbox 746 1664 863 1748; x_wconf 82' lang='grc' dir='ltr'><strong><em>τὴν</em></strong></span> <span class='ocrx_word' id='word_1_139' title='bbox 904 1662 925 1749; x_wconf 73' lang='grc' dir='ltr'><strong><em>ΙΙ</em></strong></span> <span class='ocrx_word' id='word_1_140' title='bbox 968 1671 1053 1744; x_wconf 86' lang='grc' dir='ltr'><strong><em>εἰς</em></strong></span> <span class='ocrx_word' id='word_1_141' title='bbox 1109 1663 1227 1747; x_wconf 85' lang='grc' dir='ltr'><strong><em>τὴν</em></strong></span> <span class='ocrx_word' id='word_1_142' title='bbox 1290 1662 1415 1727; x_wconf 92' lang='grc' dir='ltr'>ΑΩ</span> <span class='ocrx_word' id='word_1_143' title='bbox 1471 1701 1556 1712; x_wconf 90' lang='grc'><strong><em>--</em></strong></span> <span class='ocrx_word' id='word_1_144' title='bbox 1612 1664 2013 1744; x_wconf 78' lang='grc' dir='ltr'><strong><em>ἀσκούμενος</em></strong></span> <span class='ocrx_word' id='word_1_145' title='bbox 2057 1664 2076 1750; x_wconf 83' lang='grc' dir='ltr'><strong><em>ΙΙ</em></strong></span> <span class='ocrx_word' id='word_1_146' title='bbox 2117 1664 2589 1748; x_wconf 86' lang='grc' dir='ltr'><strong><em>διαρκούμενος</em></strong></span> 
     </span>
     <span class='ocr_line' id='line_1_15' title="bbox 629 1763 2589 1850; baseline 0.002 -22"><span class='ocrx_word' id='word_1_147' title='bbox 629 1763 698 1828; x_wconf 93' lang='grc' dir='ltr'>Ω</span> <span class='ocrx_word' id='word_1_148' title='bbox 755 1801 838 1814; x_wconf 89' lang='lat'><em>-</em></span> <span class='ocrx_word' id='word_1_149' title='bbox 894 1769 956 1846; x_wconf 79' lang='grc' dir='ltr'><strong><em>ἐς</em></strong></span> <span class='ocrx_word' id='word_1_150' title='bbox 1011 1794 1062 1833; x_wconf 94' lang='grc' dir='ltr'><strong><em>τ.</em></strong></span> <span class='ocrx_word' id='word_1_151' title='bbox 1125 1776 1197 1833; x_wconf 86' lang='grc' dir='ltr'>Α.</span> <span class='ocrx_word' id='word_1_152' title='bbox 1248 1765 1267 1849; x_wconf 79' lang='grc' dir='ltr'><strong><em>ΙΙ</em></strong></span> <span class='ocrx_word' id='word_1_153' title='bbox 1308 1766 1412 1845; x_wconf 76' lang='grc' dir='ltr'><strong><em>εἰς’</em></strong></span> <span class='ocrx_word' id='word_1_154' title='bbox 1453 1794 1506 1834; x_wconf 91' lang='grc' dir='ltr'><strong><em>τ.</em></strong></span> <span class='ocrx_word' id='word_1_155' title='bbox 1558 1774 1693 1849; x_wconf 67' lang='lat' dir='ltr'><strong><em>Azy.</em></strong></span> <span class='ocrx_word' id='word_1_156' title='bbox 1744 1764 1868 1829; x_wconf 91' lang='grc' dir='ltr'><strong><em>ΑΩ</em></strong></span> <span class='ocrx_word' id='word_1_157' title='bbox 1923 1805 2008 1815; x_wconf 93' lang='grc'>-</span> <span class='ocrx_word' id='word_1_158' title='bbox 2067 1765 2523 1833; x_wconf 81' lang='grc' dir='ltr'><strong><em>ἀνεπεπλεύκει</em></strong></span> <span class='ocrx_word' id='word_1_159' title='bbox 2569 1766 2589 1850; x_wconf 74' lang='grc' dir='ltr'><strong><em>ΙΙ</em></strong></span> 
     </span>
     <span class='ocr_line' id='line_1_16' title="bbox 632 1866 1446 1935; baseline -0.006 0"><span class='ocrx_word' id='word_1_160' title='bbox 632 1867 1099 1935; x_wconf 86' lang='grc' dir='ltr'><strong><em>ἀναπεπλεύκει</em></strong></span> <span class='ocrx_word' id='word_1_161' title='bbox 1144 1866 1317 1931; x_wconf 92' lang='grc' dir='ltr'><strong><em>ΩΓΒ</em></strong></span> <span class='ocrx_word' id='word_1_162' title='bbox 1364 1906 1446 1917; x_wconf 90' lang='lat'><strong><em>—-</em></strong></span> 
     </span>
    </p>

    <p class='ocr_par' dir='ltr' id='par_1_6' title="bbox 420 1969 2592 3073">
     <span class='ocr_line' id='line_1_17' title="bbox 420 1969 2585 2055; baseline -0.001 -18"><span class='ocrx_word' id='word_1_163' title='bbox 420 1992 473 2037; x_wconf 76' lang='lat' dir='ltr'><strong><em>e.</em></strong></span> <span class='ocrx_word' id='word_1_164' title='bbox 500 1978 600 2034; x_wconf 90' lang='lat'><strong><em>28.</em></strong></span> <span class='ocrx_word' id='word_1_165' title='bbox 636 1980 1013 2053; x_wconf 80' lang='grc' dir='ltr'><strong><em>συνεισῆλθε</em></strong></span> <span class='ocrx_word' id='word_1_166' title='bbox 1118 1981 1538 2054; x_wconf 87' lang='grc' dir='ltr'><strong><em>συνεισῆλθεν</em></strong></span> <span class='ocrx_word' id='word_1_167' title='bbox 1583 1969 1630 2032; x_wconf 94' lang='grc' dir='ltr'>Γ</span> <span class='ocrx_word' id='word_1_168' title='bbox 1679 1980 1960 2055; x_wconf 87' lang='grc' dir='ltr'><strong><em>συνῆλθε</em></strong></span> <span class='ocrx_word' id='word_1_169' title='bbox 2003 1974 2058 2033; x_wconf 88' lang='lat' dir='ltr'>A</span> <span class='ocrx_word' id='word_1_170' title='bbox 2101 2006 2184 2017; x_wconf 91' lang='lat'><strong><em>--</em></strong></span> <span class='ocrx_word' id='word_1_171' title='bbox 2229 1974 2291 2049; x_wconf 81' lang='grc' dir='ltr'><strong><em>ἐς</em></strong></span> <span class='ocrx_word' id='word_1_172' title='bbox 2334 1969 2412 2035; x_wconf 86' lang='grc' dir='ltr'><strong><em>τὸ</em></strong></span> <span class='ocrx_word' id='word_1_173' title='bbox 2443 1969 2462 2053; x_wconf 87' lang='grc' dir='ltr'><strong><em>ΙΙ</em></strong></span> <span class='ocrx_word' id='word_1_174' title='bbox 2497 1977 2585 2048; x_wconf 86' lang='grc' dir='ltr'><strong><em>εἰς</em></strong></span> 
     </span>
     <span class='ocr_line' id='line_1_18' title="bbox 630 2069 2576 2153; baseline -0.001 -14"><span class='ocrx_word' id='word_1_175' title='bbox 630 2100 682 2139; x_wconf 90' lang='grc' dir='ltr'><strong><em>τ.</em></strong></span> <span class='ocrx_word' id='word_1_176' title='bbox 732 2074 838 2135; x_wconf 89' lang='grc' dir='ltr'><strong><em>ΑΒ</em></strong></span> <span class='ocrx_word' id='word_1_177' title='bbox 883 2108 967 2117; x_wconf 94' lang='lat'>—</span> <span class='ocrx_word' id='word_1_178' title='bbox 1016 2071 1441 2151; x_wconf 76' lang='grc' dir='ltr'><strong><em>Ἀνουβίδειον</em></strong></span> <span class='ocrx_word' id='word_1_179' title='bbox 1483 2070 1502 2153; x_wconf 85' lang='grc' dir='ltr'><strong><em>ΙΙ</em></strong></span> <span class='ocrx_word' id='word_1_180' title='bbox 1547 2073 1970 2152; x_wconf 80' lang='grc' dir='ltr'><strong><em>Ἀνουβείδιον</em></strong></span> <span class='ocrx_word' id='word_1_181' title='bbox 2007 2069 2130 2134; x_wconf 87' lang='grc' dir='ltr'><strong><em>ΑΩ</em></strong></span> <span class='ocrx_word' id='word_1_182' title='bbox 2175 2072 2576 2150; x_wconf 76' lang='grc' dir='ltr'><strong><em>Ἄνουβίδιον</em></strong></span> 
     </span>
     <span class='ocr_line' id='line_1_19' title="bbox 631 2172 2583 2259; baseline -0.001 -23"><span class='ocrx_word' id='word_1_183' title='bbox 631 2172 1995 2259; x_wconf 76' lang='grc' dir='ltr'><strong><em>Β-τὸνθ,ΙΙτὴνθ.Ω-τεφιαλ.</em></strong></span> <span class='ocrx_word' id='word_1_184' title='bbox 2047 2172 2583 2259; x_wconf 63' lang='lat' dir='ltr'>nom-‘cess—</span> 
     </span>
     <span class='ocr_line' id='line_1_20' title="bbox 627 2274 2584 2361; baseline 0 -19"><span class='ocrx_word' id='word_1_185' title='bbox 627 2286 920 2359; x_wconf 84' lang='grc' dir='ltr'><strong><em>χρυσοῦν</em></strong></span> <span class='ocrx_word' id='word_1_186' title='bbox 952 2275 977 2361; x_wconf 85' lang='grc' dir='ltr'><strong><em>ΙΙ</em></strong></span> <span class='ocrx_word' id='word_1_187' title='bbox 1001 2275 1250 2360; x_wconf 87' lang='grc' dir='ltr'><strong><em>χρυσὸν</em></strong></span> <span class='ocrx_word' id='word_1_188' title='bbox 1294 2275 1363 2339; x_wconf 95' lang='grc' dir='ltr'>Ω</span> <span class='ocrx_word' id='word_1_189' title='bbox 1409 2314 1489 2323; x_wconf 94' lang='grc'>-</span> <span class='ocrx_word' id='word_1_190' title='bbox 1545 2274 2041 2357; x_wconf 80' lang='grc' dir='ltr'><strong><em>κυνοκεφάλους</em></strong></span> <span class='ocrx_word' id='word_1_191' title='bbox 2073 2277 2096 2358; x_wconf 78' lang='grc' dir='ltr'><strong><em>ΙΙ</em></strong></span> <span class='ocrx_word' id='word_1_192' title='bbox 2129 2276 2584 2360; x_wconf 81' lang='grc' dir='ltr'><strong><em>κεκρυφάλους</em></strong></span> 
     </span>
     <span class='ocr_line' id='line_1_21' title="bbox 632 2375 2590 2463; baseline 0.001 -22"><span class='ocrx_word' id='word_1_193' title='bbox 632 2375 755 2441; x_wconf 89' lang='grc' dir='ltr'><strong><em>ΑΩ</em></strong></span> <span class='ocrx_word' id='word_1_194' title='bbox 811 2414 897 2425; x_wconf 90' lang='grc'><strong><em>--</em></strong></span> <span class='ocrx_word' id='word_1_195' title='bbox 949 2384 1297 2446; x_wconf 82' lang='grc' dir='ltr'><strong><em>κατέθεντο</em></strong></span> <span class='ocrx_word' id='word_1_196' title='bbox 1332 2378 1355 2463; x_wconf 77' lang='grc' dir='ltr'><strong><em>ΙΙ</em></strong></span> <span class='ocrx_word' id='word_1_197' title='bbox 1388 2384 1696 2446; x_wconf 88' lang='grc' dir='ltr'><strong><em>κατέθετο</em></strong></span> <span class='ocrx_word' id='word_1_198' title='bbox 1754 2376 1823 2441; x_wconf 90' lang='grc' dir='ltr'>Ω</span> <span class='ocrx_word' id='word_1_199' title='bbox 1891 2416 1953 2423; x_wconf 83' lang='grc'>-</span> <span class='ocrx_word' id='word_1_200' title='bbox 2021 2378 2526 2457; x_wconf 87' lang='grc' dir='ltr'><strong><em>ἀπεμπολῶντες</em></strong></span> <span class='ocrx_word' id='word_1_201' title='bbox 2568 2378 2590 2462; x_wconf 87' lang='grc' dir='ltr'>Ι</span> 
     </span>
     <span class='ocr_line' id='line_1_22' title="bbox 635 2478 2590 2566; baseline -0.002 -18"><span class='ocrx_word' id='word_1_202' title='bbox 635 2480 1165 2560; x_wconf 87' lang='grc' dir='ltr'><strong><em>ἀπεμπολοῦντες</em></strong></span> <span class='ocrx_word' id='word_1_203' title='bbox 1195 2479 1316 2544; x_wconf 94' lang='grc' dir='ltr'><strong><em>ΩΒ</em></strong></span> <span class='ocrx_word' id='word_1_204' title='bbox 1362 2520 1447 2529; x_wconf 90' lang='grc'><strong>-</strong></span> <span class='ocrx_word' id='word_1_205' title='bbox 1475 2479 1732 2548; x_wconf 78' lang='grc' dir='ltr'><strong><em>ἅπαντα</em></strong></span> <span class='ocrx_word' id='word_1_206' title='bbox 1764 2480 1787 2566; x_wconf 77' lang='grc' dir='ltr'><strong><em>ΙΙ</em></strong></span> <span class='ocrx_word' id='word_1_207' title='bbox 1821 2479 2099 2560; x_wconf 77' lang='grc' dir='ltr'><strong><em>ἅπαντες</em></strong></span> <span class='ocrx_word' id='word_1_208' title='bbox 2126 2478 2194 2543; x_wconf 93' lang='grc' dir='ltr'>Ω</span> <span class='ocrx_word' id='word_1_209' title='bbox 2242 2518 2326 2529; x_wconf 91' lang='lat'><strong><em>—-</em></strong></span> <span class='ocrx_word' id='word_1_210' title='bbox 2369 2478 2590 2564; x_wconf 81' lang='grc' dir='ltr'><strong><em>φώρια</em></strong></span> 
     </span>
     <span class='ocr_line' id='line_1_23' title="bbox 634 2579 2592 2666; baseline -0.001 -17"><span class='ocrx_word' id='word_1_211' title='bbox 634 2582 652 2666; x_wconf 83' lang='grc' dir='ltr'><strong><em>ΙΙ</em></strong></span> <span class='ocrx_word' id='word_1_212' title='bbox 695 2581 939 2666; x_wconf 90' lang='grc' dir='ltr'><strong><em>φώρεια</em></strong></span> <span class='ocrx_word' id='word_1_213' title='bbox 995 2587 1046 2646; x_wconf 94' lang='grc' dir='ltr'>Β</span> <span class='ocrx_word' id='word_1_214' title='bbox 1102 2620 1181 2629; x_wconf 93' lang='grc'>-</span> <span class='ocrx_word' id='word_1_215' title='bbox 1244 2584 1668 2664; x_wconf 76' lang='grc' dir='ltr'><strong><em>Ἀνουβίδειον</em></strong></span> <span class='ocrx_word' id='word_1_216' title='bbox 1709 2581 1730 2666; x_wconf 71' lang='lat' dir='ltr'>fl</span> <span class='ocrx_word' id='word_1_217' title='bbox 1776 2583 2201 2661; x_wconf 76' lang='grc' dir='ltr'><strong><em>Ἀνουβείδιον</em></strong></span> <span class='ocrx_word' id='word_1_218' title='bbox 2244 2579 2312 2644; x_wconf 93' lang='grc' dir='ltr'>Ω</span> <span class='ocrx_word' id='word_1_219' title='bbox 2377 2582 2592 2648; x_wconf 84' lang='grc' dir='ltr'><strong><em>Ἀνου-</em></strong></span> 
     </span>
     <span class='ocr_line' id='line_1_24' title="bbox 632 2683 2590 2769; baseline -0.001 -18"><span class='ocrx_word' id='word_1_220' title='bbox 632 2691 843 2765; x_wconf 86' lang='grc' dir='ltr'><strong><em>βίδιον</em></strong></span> <span class='ocrx_word' id='word_1_221' title='bbox 886 2689 937 2748; x_wconf 94' lang='grc' dir='ltr'>Β</span> <span class='ocrx_word' id='word_1_222' title='bbox 983 2722 1067 2732; x_wconf 89' lang='grc'>-</span> <span class='ocrx_word' id='word_1_223' title='bbox 1111 2685 1394 2768; x_wconf 76' lang='grc' dir='ltr'><strong><em>ἡγοῦντο</em></strong></span> <span class='ocrx_word' id='word_1_224' title='bbox 1469 2683 1712 2769; x_wconf 77' lang='grc' dir='ltr'><strong><em>ῆγοῦτο</em></strong></span> <span class='ocrx_word' id='word_1_225' title='bbox 1757 2683 1826 2747; x_wconf 91' lang='grc' dir='ltr'>Ω</span> <span class='ocrx_word' id='word_1_226' title='bbox 1869 2722 1954 2731; x_wconf 90' lang='lat'><strong><em>·-—</em></strong></span> <span class='ocrx_word' id='word_1_227' title='bbox 1998 2690 2056 2749; x_wconf 86' lang='grc' dir='ltr'><strong><em>εἰ</em></strong></span> <span class='ocrx_word' id='word_1_228' title='bbox 2089 2684 2396 2752; x_wconf 82' lang='grc' dir='ltr'><strong><em>συνέπιόν</em></strong></span> <span class='ocrx_word' id='word_1_229' title='bbox 2427 2710 2590 2751; x_wconf 89' lang='grc' dir='ltr'><strong><em>ποτε</em></strong></span> 
     </span>
     <span class='ocr_line' id='line_1_25' title="bbox 651 2785 2579 2879; baseline -0.001 -27"><span class='ocrx_word' id='word_1_230' title='bbox 651 2785 689 2871; x_wconf 83' lang='grc' dir='ltr'>ἢ</span> <span class='ocrx_word' id='word_1_231' title='bbox 738 2785 1273 2871; x_wconf 83' lang='grc' dir='ltr'><strong><em>συνειστιάθησαν</em></strong></span> <span class='ocrx_word' id='word_1_232' title='bbox 1319 2788 1498 2875; x_wconf 78' lang='grc' dir='ltr'><strong><em>αὐτῷ</em></strong></span> <span class='ocrx_word' id='word_1_233' title='bbox 1527 2785 1548 2871; x_wconf 78' lang='grc' dir='ltr'>Ι</span> <span class='ocrx_word' id='word_1_234' title='bbox 1574 2793 1631 2853; x_wconf 86' lang='grc' dir='ltr'><strong><em>εἰ</em></strong></span> <span class='ocrx_word' id='word_1_235' title='bbox 1673 2791 1982 2853; x_wconf 88' lang='grc' dir='ltr'><strong><em>συνέπιον</em></strong></span> <span class='ocrx_word' id='word_1_236' title='bbox 2025 2787 2206 2873; x_wconf 79' lang='grc' dir='ltr'><strong><em>αὐτῶ</em></strong></span> <span class='ocrx_word' id='word_1_237' title='bbox 2234 2786 2272 2869; x_wconf 86' lang='grc' dir='ltr'>ἢ</span> <span class='ocrx_word' id='word_1_238' title='bbox 2306 2806 2579 2879; x_wconf 88' lang='grc' dir='ltr'><strong><em>συνειστ.</em></strong></span> 
     </span>
     <span class='ocr_line' id='line_1_26' title="bbox 642 2886 2583 2976; baseline 0.001 -22"><span class='ocrx_word' id='word_1_239' title='bbox 642 2914 799 2954; x_wconf 89' lang='grc' dir='ltr'><strong><em>ποτε</em></strong></span> <span class='ocrx_word' id='word_1_240' title='bbox 819 2892 876 2950; x_wconf 88' lang='grc' dir='ltr'>Α</span> <span class='ocrx_word' id='word_1_241' title='bbox 906 2895 1063 2955; x_wconf 80' lang='grc' dir='ltr'><strong><em>εἰσὶν</em></strong></span> <span class='ocrx_word' id='word_1_242' title='bbox 1095 2893 1197 2955; x_wconf 79' lang='grc' dir='ltr'><strong><em>ε’πὶ</em></strong></span> <span class='ocrx_word' id='word_1_243' title='bbox 1228 2890 1410 2976; x_wconf 77' lang='grc' dir='ltr'><strong><em>αὐτῷ</em></strong></span> <span class='ocrx_word' id='word_1_244' title='bbox 1439 2895 1506 2956; x_wconf 81' lang='grc' dir='ltr'><strong><em>οἳ</em></strong></span> <span class='ocrx_word' id='word_1_245' title='bbox 1535 2910 1806 2956; x_wconf 89' lang='grc' dir='ltr'><strong><em>συνειστ.</em></strong></span> <span class='ocrx_word' id='word_1_246' title='bbox 1843 2915 1998 2955; x_wconf 89' lang='grc' dir='ltr'><strong><em>ποτε</em></strong></span> <span class='ocrx_word' id='word_1_247' title='bbox 2027 2886 2096 2951; x_wconf 90' lang='grc' dir='ltr'>Ω</span> <span class='ocrx_word' id='word_1_248' title='bbox 2127 2926 2209 2935; x_wconf 88' lang='grc'><strong>-</strong></span> <span class='ocrx_word' id='word_1_249' title='bbox 2239 2889 2276 2972; x_wconf 86' lang='grc' dir='ltr'>ἢ</span> <span class='ocrx_word' id='word_1_250' title='bbox 2310 2909 2583 2956; x_wconf 90' lang='grc' dir='ltr'><strong><em>συνειστ.</em></strong></span> 
     </span>
     <span class='ocr_line' id='line_1_27' title="bbox 644 2989 1175 3073; baseline -0.002 -18"><span class='ocrx_word' id='word_1_251' title='bbox 644 2989 663 3073; x_wconf 85' lang='grc' dir='ltr'><strong><em>ΙΙ</em></strong></span> <span class='ocrx_word' id='word_1_252' title='bbox 704 2996 761 3055; x_wconf 84' lang='grc' dir='ltr'><strong><em>εἰ</em></strong></span> <span class='ocrx_word' id='word_1_253' title='bbox 802 3009 1079 3057; x_wconf 90' lang='grc' dir='ltr'><strong><em>συνειστ.</em></strong></span> <span class='ocrx_word' id='word_1_254' title='bbox 1125 2996 1175 3054; x_wconf 98' lang='grc' dir='ltr'>Β</span> 
     </span>
    </p>

    <p class='ocr_par' dir='ltr' id='par_1_7' title="bbox 425 3090 2598 3994">
     <span class='ocr_line' id='line_1_28' title="bbox 425 3090 2587 3180; baseline 0.001 -27"><span class='ocrx_word' id='word_1_255' title='bbox 425 3112 478 3154; x_wconf 79' lang='lat'><strong><em>0.</em></strong></span> <span class='ocrx_word' id='word_1_256' title='bbox 507 3098 609 3155; x_wconf 87' lang='grc'><strong><em>29.</em></strong></span> <span class='ocrx_word' id='word_1_257' title='bbox 638 3090 1046 3175; x_wconf 80' lang='grc' dir='ltr'><strong><em>μιαρώτατος</em></strong></span> <span class='ocrx_word' id='word_1_258' title='bbox 1090 3092 1109 3177; x_wconf 89' lang='grc' dir='ltr'><strong><em>ΙΙ</em></strong></span> <span class='ocrx_word' id='word_1_259' title='bbox 1150 3092 1550 3178; x_wconf 82' lang='grc' dir='ltr'><strong><em>μιαρώτερος</em></strong></span> <span class='ocrx_word' id='word_1_260' title='bbox 1605 3098 1659 3156; x_wconf 94' lang='grc' dir='ltr'>Α</span> <span class='ocrx_word' id='word_1_261' title='bbox 1715 3130 1792 3141; x_wconf 93' lang='lat'><strong><em>--</em></strong></span> <span class='ocrx_word' id='word_1_262' title='bbox 1865 3093 2029 3180; x_wconf 78' lang='grc' dir='ltr'><strong><em>ᾠέτο</em></strong></span> <span class='ocrx_word' id='word_1_263' title='bbox 2072 3092 2092 3178; x_wconf 72' lang='lat' dir='ltr'>ss</span> <span class='ocrx_word' id='word_1_264' title='bbox 2135 3093 2298 3179; x_wconf 78' lang='grc' dir='ltr'><strong><em>ᾠέτο</em></strong></span> <span class='ocrx_word' id='word_1_265' title='bbox 2354 3092 2475 3175; x_wconf 81' lang='grc' dir='ltr'><strong><em>γὰρ</em></strong></span> <span class='ocrx_word' id='word_1_266' title='bbox 2536 3096 2587 3155; x_wconf 93' lang='grc' dir='ltr'>Β</span> 
     </span>
     <span class='ocr_line' id='line_1_29' title="bbox 639 3194 2591 3283; baseline -0.001 -22"><span class='ocrx_word' id='word_1_267' title='bbox 639 3230 723 3241; x_wconf 94' lang='grc'><strong><em>--</em></strong></span> <span class='ocrx_word' id='word_1_268' title='bbox 767 3202 824 3261; x_wconf 85' lang='grc' dir='ltr'><strong><em>εἰ</em></strong></span> <span class='ocrx_word' id='word_1_269' title='bbox 864 3202 930 3261; x_wconf 85' lang='grc' dir='ltr'><strong><em>δὲ</em></strong></span> <span class='ocrx_word' id='word_1_270' title='bbox 976 3196 1088 3263; x_wconf 83' lang='grc' dir='ltr'><strong><em>ἀπ’</em></strong></span> <span class='ocrx_word' id='word_1_271' title='bbox 1116 3195 1135 3280; x_wconf 72' lang='lat' dir='ltr'>ss</span> <span class='ocrx_word' id='word_1_272' title='bbox 1166 3204 1222 3262; x_wconf 84' lang='grc' dir='ltr'><strong><em>εἰ</em></strong></span> <span class='ocrx_word' id='word_1_273' title='bbox 1262 3197 1330 3262; x_wconf 80' lang='grc' dir='ltr'><strong><em>δ’</em></strong></span> <span class='ocrx_word' id='word_1_274' title='bbox 1362 3197 1455 3263; x_wconf 85' lang='grc' dir='ltr'><strong><em>ἀπ</em></strong></span> <span class='ocrx_word' id='word_1_275' title='bbox 1482 3194 1550 3259; x_wconf 91' lang='grc' dir='ltr'>Ω</span> <span class='ocrx_word' id='word_1_276' title='bbox 1599 3232 1677 3243; x_wconf 88' lang='lat'><strong><em>--</em></strong></span> <span class='ocrx_word' id='word_1_277' title='bbox 1724 3200 1826 3262; x_wconf 81' lang='grc' dir='ltr'><strong><em>ἐπὶ</em></strong></span> <span class='ocrx_word' id='word_1_278' title='bbox 1869 3194 2086 3283; x_wconf 81' lang='grc' dir='ltr'><strong><em>τούτῳ</em></strong></span> <span class='ocrx_word' id='word_1_279' title='bbox 2134 3199 2406 3274; x_wconf 83' lang='grc' dir='ltr'><strong><em>ἐμισεῖτο</em></strong></span> <span class='ocrx_word' id='word_1_280' title='bbox 2436 3194 2454 3280; x_wconf 82' lang='grc' dir='ltr'><strong><em>ΙΙ</em></strong></span> <span class='ocrx_word' id='word_1_281' title='bbox 2485 3199 2591 3260; x_wconf 84' lang='grc' dir='ltr'><strong><em>ἐπὶ</em></strong></span> 
     </span>
     <span class='ocr_line' id='line_1_30' title="bbox 642 3295 2592 3383; baseline -0.002 -21"><span class='ocrx_word' id='word_1_282' title='bbox 642 3295 901 3364; x_wconf 80' lang='grc' dir='ltr'><strong><em>τούτων</em></strong></span> <span class='ocrx_word' id='word_1_283' title='bbox 959 3316 1213 3378; x_wconf 87' lang='grc' dir='ltr'><strong><em>μισοῖτο</em></strong></span> <span class='ocrx_word' id='word_1_284' title='bbox 1266 3296 1335 3361; x_wconf 96' lang='grc' dir='ltr'>Ω</span> <span class='ocrx_word' id='word_1_285' title='bbox 1393 3336 1476 3347; x_wconf 90' lang='lat'><strong><em>--</em></strong></span> <span class='ocrx_word' id='word_1_286' title='bbox 1536 3297 1833 3365; x_wconf 79' lang='grc' dir='ltr'><strong><em>ὑπενόσει</em></strong></span> <span class='ocrx_word' id='word_1_287' title='bbox 1889 3296 1910 3383; x_wconf 80' lang='grc' dir='ltr'>Ι</span> <span class='ocrx_word' id='word_1_288' title='bbox 1965 3296 2318 3381; x_wconf 73' lang='grc' dir='ltr'><strong><em>ὕπονοήσει</em></strong></span> <span class='ocrx_word' id='word_1_289' title='bbox 2379 3295 2448 3359; x_wconf 90' lang='grc' dir='ltr'>Ω</span> <span class='ocrx_word' id='word_1_290' title='bbox 2506 3332 2592 3343; x_wconf 91' lang='lat'><strong>—</strong></span> 
     </span>
     <span class='ocr_line' id='line_1_31' title="bbox 641 3398 2596 3485; baseline 0 -20"><span class='ocrx_word' id='word_1_291' title='bbox 641 3398 1004 3467; x_wconf 86' lang='grc' dir='ltr'><strong><em>ἀποτείνειν</em></strong></span> <span class='ocrx_word' id='word_1_292' title='bbox 1046 3399 1067 3485; x_wconf 81' lang='grc' dir='ltr'>Ι</span> <span class='ocrx_word' id='word_1_293' title='bbox 1112 3401 1514 3467; x_wconf 78' lang='grc' dir='ltr'><strong><em>ἀποκτείνειν</em></strong></span> <span class='ocrx_word' id='word_1_294' title='bbox 1559 3398 1627 3463; x_wconf 92' lang='grc' dir='ltr'>Ω</span> <span class='ocrx_word' id='word_1_295' title='bbox 1677 3436 1751 3447; x_wconf 91' lang='grc'><strong>-</strong></span> <span class='ocrx_word' id='word_1_296' title='bbox 1806 3399 1886 3466; x_wconf 81' lang='grc' dir='ltr'><strong><em>τὰ</em></strong></span> <span class='ocrx_word' id='word_1_297' title='bbox 1945 3406 2134 3483; x_wconf 84' lang='grc' dir='ltr'><strong><em>σκέλη</em></strong></span> <span class='ocrx_word' id='word_1_298' title='bbox 2180 3398 2545 3477; x_wconf 75' lang='grc' dir='ltr'><strong><em>δυνάμενον</em></strong></span> <span class='ocrx_word' id='word_1_299' title='bbox 2573 3398 2596 3484; x_wconf 85' lang='grc' dir='ltr'><strong><em>ΙΙ</em></strong></span> 
     </span>
     <span class='ocr_line' id='line_1_32' title="bbox 642 3500 2593 3587; baseline 0 -21"><span class='ocrx_word' id='word_1_300' title='bbox 642 3502 988 3581; x_wconf 87' lang='grc' dir='ltr'><strong><em>δυνάμενοι</em></strong></span> <span class='ocrx_word' id='word_1_301' title='bbox 1033 3502 1113 3569; x_wconf 82' lang='grc' dir='ltr'><strong><em>τὰ</em></strong></span> <span class='ocrx_word' id='word_1_302' title='bbox 1160 3521 1251 3569; x_wconf 91' lang='grc' dir='ltr'><strong><em>σκ.</em></strong></span> <span class='ocrx_word' id='word_1_303' title='bbox 1300 3501 1369 3565; x_wconf 91' lang='grc' dir='ltr'>Ω</span> <span class='ocrx_word' id='word_1_304' title='bbox 1414 3539 1497 3549; x_wconf 96' lang='grc'>-</span> <span class='ocrx_word' id='word_1_305' title='bbox 1541 3508 2111 3581; x_wconf 83' lang='grc' dir='ltr'><strong><em>κατακεκλεισμένα</em></strong></span> <span class='ocrx_word' id='word_1_306' title='bbox 2143 3500 2593 3587; x_wconf 79' lang='grc' dir='ltr'><strong><em>Ικατακεκλει-</em></strong></span> 
     </span>
     <span class='ocr_line' id='line_1_33' title="bbox 644 3600 2598 3687; baseline 0.001 -18"><span class='ocrx_word' id='word_1_307' title='bbox 644 3608 804 3680; x_wconf 87' lang='grc' dir='ltr'><strong><em>μένα</em></strong></span> <span class='ocrx_word' id='word_1_308' title='bbox 836 3600 939 3666; x_wconf 92' lang='grc' dir='ltr'><strong><em>ΓΒ</em></strong></span> <span class='ocrx_word' id='word_1_309' title='bbox 985 3640 1069 3651; x_wconf 90' lang='lat'><strong><em>—-</em></strong></span> <span class='ocrx_word' id='word_1_310' title='bbox 1114 3611 1507 3687; x_wconf 84' lang='grc' dir='ltr'><strong><em>πεπεδημένη</em></strong></span> <span class='ocrx_word' id='word_1_311' title='bbox 1540 3603 1563 3687; x_wconf 89' lang='grc' dir='ltr'><strong><em>ΙΙ</em></strong></span> <span class='ocrx_word' id='word_1_312' title='bbox 1596 3630 1763 3687; x_wconf 88' lang='grc' dir='ltr'><strong><em>πεπη</em></strong></span> <span class='ocrx_word' id='word_1_313' title='bbox 1781 3606 2106 3687; x_wconf 65' lang='grc' dir='ltr'><strong><em>(ἣδημένη</em></strong></span> <span class='ocrx_word' id='word_1_314' title='bbox 2135 3600 2204 3665; x_wconf 86' lang='grc' dir='ltr'>Ω</span> <span class='ocrx_word' id='word_1_315' title='bbox 2252 3639 2331 3650; x_wconf 91' lang='grc'>-</span> <span class='ocrx_word' id='word_1_316' title='bbox 2377 3624 2598 3670; x_wconf 91' lang='grc' dir='ltr'><strong><em>στενο-</em></strong></span> 
     </span>
     <span class='ocr_line' id='line_1_34' title="bbox 635 3703 2596 3792; baseline 0 -20"><span class='ocrx_word' id='word_1_317' title='bbox 635 3710 1078 3790; x_wconf 85' lang='grc' dir='ltr'><strong><em>χωρουμένων</em></strong></span> <span class='ocrx_word' id='word_1_318' title='bbox 1124 3708 1143 3792; x_wconf 93' lang='grc' dir='ltr'><strong><em>ΙΙ</em></strong></span> <span class='ocrx_word' id='word_1_319' title='bbox 1186 3711 1770 3791; x_wconf 84' lang='grc' dir='ltr'><strong><em>στενοχωρημένων</em></strong></span> <span class='ocrx_word' id='word_1_320' title='bbox 1814 3710 1864 3769; x_wconf 92' lang='grc' dir='ltr'>Β</span> <span class='ocrx_word' id='word_1_321' title='bbox 1919 3742 2006 3752; x_wconf 93' lang='grc'>-</span> <span class='ocrx_word' id='word_1_322' title='bbox 2049 3705 2259 3773; x_wconf 90' lang='grc' dir='ltr'><strong><em>πάντα</em></strong></span> <span class='ocrx_word' id='word_1_323' title='bbox 2287 3703 2307 3791; x_wconf 83' lang='grc' dir='ltr'><strong><em>ΙΙ</em></strong></span> <span class='ocrx_word' id='word_1_324' title='bbox 2335 3703 2596 3772; x_wconf 76' lang='grc' dir='ltr'><strong><em>ἅπαντα</em></strong></span> 
     </span>
     <span class='ocr_line' id='line_1_35' title="bbox 643 3806 2593 3893; baseline -0.001 -21"><span class='ocrx_word' id='word_1_325' title='bbox 643 3807 767 3872; x_wconf 90' lang='grc' dir='ltr'><strong><em>ΑΩ</em></strong></span> <span class='ocrx_word' id='word_1_326' title='bbox 824 3846 908 3856; x_wconf 96' lang='lat'><strong><em>—-</em></strong></span> <span class='ocrx_word' id='word_1_327' title='bbox 968 3812 1232 3877; x_wconf 82' lang='grc' dir='ltr'><strong><em>ἐκείνων</em></strong></span> <span class='ocrx_word' id='word_1_328' title='bbox 1290 3806 1310 3893; x_wconf 77' lang='grc' dir='ltr'><strong><em>ΙΙ</em></strong></span> <span class='ocrx_word' id='word_1_329' title='bbox 1368 3813 1590 3876; x_wconf 84' lang='grc' dir='ltr'><strong><em>ἐκείνω</em></strong></span> <span class='ocrx_word' id='word_1_330' title='bbox 1649 3806 1718 3871; x_wconf 92' lang='grc' dir='ltr'>Ω</span> <span class='ocrx_word' id='word_1_331' title='bbox 1780 3845 1855 3854; x_wconf 94' lang='lat'><strong><em>--</em></strong></span> <span class='ocrx_word' id='word_1_332' title='bbox 1914 3808 2034 3893; x_wconf 84' lang='grc' dir='ltr'><strong><em>τὴν</em></strong></span> <span class='ocrx_word' id='word_1_333' title='bbox 2095 3815 2343 3874; x_wconf 89' lang='grc' dir='ltr'><strong><em>δίαιταν</em></strong></span> <span class='ocrx_word' id='word_1_334' title='bbox 2400 3808 2420 3893; x_wconf 79' lang='grc' dir='ltr'><strong><em>ΙΙ</em></strong></span> <span class='ocrx_word' id='word_1_335' title='bbox 2476 3830 2593 3871; x_wconf 89' lang='lat' dir='ltr'><strong><em>om.</em></strong></span> 
     </span>
     <span class='ocr_line' id='line_1_36' title="bbox 639 3908 925 3994; baseline -0.017 -17"><span class='ocrx_word' id='word_1_336' title='bbox 639 3909 757 3994; x_wconf 82' lang='grc' dir='ltr'><strong><em>τὴν</em></strong></span> <span class='ocrx_word' id='word_1_337' title='bbox 802 3908 925 3973; x_wconf 92' lang='grc' dir='ltr'><strong><em>ΑΩ</em></strong></span> 
     </span>
    </p>

    <p class='ocr_par' dir='ltr' id='par_1_8' title="bbox 430 4009 2587 4097">
     <span class='ocr_line' id='line_1_37' title="bbox 430 4009 2587 4097; baseline -0.002 -20"><span class='ocrx_word' id='word_1_338' title='bbox 430 4034 482 4077; x_wconf 81' lang='lat' dir='ltr'><strong><em>e.</em></strong></span> <span class='ocrx_word' id='word_1_339' title='bbox 511 4020 609 4077; x_wconf 90' lang='grc'><strong><em>30.</em></strong></span> <span class='ocrx_word' id='word_1_340' title='bbox 642 4018 795 4094; x_wconf 81' lang='grc' dir='ltr'><strong><em>μηδὲ</em></strong></span> <span class='ocrx_word' id='word_1_341' title='bbox 856 4029 968 4079; x_wconf 85' lang='grc' dir='ltr'><strong><em>σῖτ.</em></strong></span> <span class='ocrx_word' id='word_1_342' title='bbox 1017 4012 1036 4097; x_wconf 81' lang='grc' dir='ltr'><strong><em>ΙΙ</em></strong></span> <span class='ocrx_word' id='word_1_343' title='bbox 1077 4012 1162 4097; x_wconf 81' lang='grc' dir='ltr'><strong><em>μὴ</em></strong></span> <span class='ocrx_word' id='word_1_344' title='bbox 1222 4036 1272 4079; x_wconf 93' lang='grc' dir='ltr'><strong><em>σ.</em></strong></span> <span class='ocrx_word' id='word_1_345' title='bbox 1323 4017 1377 4075; x_wconf 92' lang='grc' dir='ltr'>Α</span> <span class='ocrx_word' id='word_1_346' title='bbox 1435 4050 1518 4061; x_wconf 85' lang='lat'><em>-</em></span> <span class='ocrx_word' id='word_1_347' title='bbox 1576 4016 2000 4091; x_wconf 88' lang='grc' dir='ltr'><strong><em>Δεινομένους</em></strong></span> <span class='ocrx_word' id='word_1_348' title='bbox 2043 4010 2062 4096; x_wconf 83' lang='grc' dir='ltr'><strong><em>ΙΙ</em></strong></span> <span class='ocrx_word' id='word_1_349' title='bbox 2104 4014 2335 4080; x_wconf 67' lang='grc' dir='ltr'><strong><em>Δεινοῖ)</em></strong></span> <span class='ocrx_word' id='word_1_350' title='bbox 2380 4009 2450 4074; x_wconf 91' lang='grc' dir='ltr'>Ω</span> <span class='ocrx_word' id='word_1_351' title='bbox 2511 4048 2587 4058; x_wconf 93' lang='lat'><em>-</em></span> 
     </span>
    </p>
   </div>
  </div>
 </body>
</html>
