2750 4534
404 248 434 304 1
445 247 525 305 54
1290 252 1575 305 ΔΟΥΚΙΑΝ
1578 252 1663 305 ΟΥ

855 360 880 389 0

1728 412 1760 437 >x

403 412 617 485 αὐτῶν
689 412 1084 502 μοιχεύοντα
1156 410 1198 503 ἢ
1272 423 1644 487 κλέπτοντα
1716 448 1756 511 η
1836 416 1999 487 ἄλλο
2073 448 2141 489 τι
2206 424 2566 506 τολμῶντα

403 520 986 606 νυκτερινώτατον,
1057 515 1264 600 εὐθὺς
1333 522 1852 611 ἐπισπασαμένη
1917 522 1993 591 τὸ
2063 528 2269 611 νέφος
2334 522 2565 591 ἐνεκα-

403 622 749 711 λυψάμην,
812 624 925 690 ἵνα
980 624 1070 713 μὴ
1129 625 1326 704 δείξω
1384 639 1526 703 τοῖς
1591 628 1873 705 πολλοῖς
1926 631 2240 712 γέροντας
2305 624 2564 712 ἄνδρας

399 730 610 808 βαθεῖ
655 725 929 811 πώγωνι
983 729 1095 793 καὶ
1142 725 1347 816 ἀρετῇ
1404 726 2031 817 ἐνασχημονοῦντας.
2121 729 2188 794 οἱ
2242 730 2313 795 δὲ
2358 722 2561 797 οὐδὲν

403 823 634 893 ἀνιᾶσι
696 828 1313 913 διασπαράττοντές
1357 854 1441 912 με
1499 832 1595 914 τῷ
1641 829 1814 916 λόγῳ
1871 832 1983 897 καὶ
2028 829 2255 895 πάντα
2298 830 2561 913 τρόπον

401 924 809 1015 ὑβρίζοντες,
869 922 1043 997 ὥστε
1087 929 1160 1018 νὴ
1223 929 1343 1017 τὴν
1390 930 1618 998 Νύκτα
1680 925 2005 1009 πολλάκις
2062 930 2559 1021 ἐβουλευσάμην

399 1034 792 1117 μετοικῆσαι
857 1024 964 1098 ὅτι
1031 1032 1480 1118 πορρωτάτω,
1556 1026 1649 1099 ἵν’
1726 1027 1943 1100 αὐτῶν
2007 1032 2127 1120 τὴν
2197 1039 2558 1120 περίεργον

398 1135 699 1218 γλῶτταν
747 1134 1079 1220 διέφυγον.
1161 1140 1457 1224 μέμνησο
1503 1141 1727 1203 τοίνυν
1770 1135 1980 1202 ταῦτά
2028 1160 2101 1202 τε
2146 1130 2555 1221 ἀπαγγεῖλαι

400 1239 498 1321 τῷ
527 1239 648 1303 Διὶ
693 1240 804 1303 καὶ
851 1245 1263 1318 προσθεῖναι
1309 1231 1367 1303 δ’
1421 1231 1529 1305 ὅτι
1572 1237 1662 1327 μὴ
1706 1238 1985 1305 δυνατόν
2032 1236 2177 1305 ἐστί
2218 1264 2339 1322 μοι
2380 1240 2557 1305 κατὰ

396 1337 616 1424 χώραν
676 1344 928 1422 μένειν,
997 1330 1076 1427 ἢν
1135 1339 1222 1427 μὴ
1284 1340 1442 1418 τούς
1499 1339 1820 1428 φυσικοὺς
1876 1340 2162 1418 ἐκείνους
2220 1340 2555 1429 ἐπιτρίψῃ

399 1444 507 1509 καὶ
566 1441 721 1519 τοὺς
767 1440 1212 1520 διαλεκτικούς
1269 1442 1672 1530 ἐπιστομίσῃ
1726 1448 1837 1510 καὶ
1894 1443 2015 1531 τὴν
2069 1441 2287 1509 Στοὰν
2344 1468 2554 1510 κατα-

401 1543 620 1633 σκάφῃ
667 1547 780 1611 καὶ
821 1543 940 1633 τὴν
975 1538 1392 1633 Ἀκαδημίαν
1449 1545 1831 1633 καταφλέξῃ
1876 1548 1989 1612 καὶ
2045 1545 2271 1632 παύσῃ
2316 1544 2441 1622 τὰς
2489 1551 2557 1612 ἐν

400 1659 542 1725 τοῖς
585 1646 993 1732 περιπάτοις
1037 1647 1417 1733 διατριβάς·
1484 1643 1657 1714 οὕτω
1699 1646 1825 1734 γὰρ
1884 1637 1963 1715 ἀν
2010 1647 2271 1736 εἰρήνην
2316 1642 2553 1735 ἄγοιμι

296 1759 370 1814 22
401 1746 726 1837 ὁσημέραι
779 1743 948 1833 παρ>
1001 1742 1217 1815 αὐτῶν
1261 1753 1819 1838 γεωμετρουμένη.
1910 1754 2010 1815 22.
2045 1744 2273 1827 Ἔσται
2314 1754 2552 1826 ταῦτα,

396 1837 476 1936 ἦν
523 1848 588 1939 δ’
641 1850 786 1935 ἐγώ,
831 1854 942 1918 καὶ
976 1844 1113 1935 ἅμα
1161 1851 1334 1938 πρὸς
1376 1851 1451 1918 τὸ
1501 1846 1777 1929 ἄναντες
1808 1851 2058 1919 ἔτεινον
2100 1849 2239 1941 τὴν,
2265 1850 2384 1918 ἐπὶ
2426 1857 2553 1919 τοῦ

398 1946 699 2039 οὐρανοῦ,
1263 2036 1267 2043 .

559 2054 731 2121 ἔνθα
774 2055 894 2137 μὲν
940 2050 1092 2122 οὕτε
1135 2059 1313 2138 βοῶν
1359 2050 1505 2122 οὔτ’
1559 2050 1819 2141 ἀνδρῶν
1864 2062 2141 2142 φαίνετο
2189 2056 2380 2141 ἔργα·
2570 2068 2667 2117 ’177

397 2150 544 2240 μετ’
598 2150 824 2243 ὀλίγον
855 2155 978 2243 γὰρ
1024 2161 1131 2225 καὶ
1164 2153 1201 2242 ἡ
1239 2158 1475 2245 σελήνη
1518 2158 1794 2245 βραχεῖά
1840 2184 1958 2241 μοι
1988 2162 2385 2244 καθεωρᾶτο
2432 2162 2547 2225 καὶ

398 2258 516 2347 τὴν
545 2263 663 2349 γῆν
691 2255 815 2348 ἤδη
853 2254 1295 2348 ἀπέκρυπτον.
1365 2259 1587 2346 λαβὼν
1622 2261 1694 2327 δὲ
1723 2259 1841 2327 τὸν
1872 2253 2060 2349 ἥλιον
2094 2260 2161 2327 ἐν
2194 2260 2380 2349 δεξιᾷ
2425 2260 2543 2327 διὰ

398 2366 530 2428 τῶν
588 2358 884 2445 ἀστέρων
929 2362 1296 2446 πετόμενος
1349 2378 1649 2448 τριταῖος
1693 2360 2073 2451 ἐπλησίασα
2114 2366 2213 2449 τῷ
2260 2357 2545 2450 οὐρανῷ,

397 2464 506 2528 καὶ
538 2460 613 2527 τὸ
660 2461 781 2545 μὲν
810 2465 1078 2546 πρῶτον
1111 2459 1323 2549 ἐδόκει
1351 2487 1471 2545 μοι
1516 2458 1607 2539 ὥς
1638 2457 1812 2544 εἶχον
1857 2454 2063 2538 εὐθὺς
2092 2461 2254 2527 ε’ίσω
2298 2467 2547 2544 παριέ-

399 2584 541 2631 ναι·
597 2564 844 2653 ῥᾳδίως
886 2562 1012 2650 γὰρ
1059 2554 1140 2630 ἀν
1186 2559 1370 2653 ᾤμην
1417 2564 1772 2630 διαλαθεῖν
1817 2561 1935 2629 ἅτε
1980 2562 2052 2641 ἐξ
2090 2559 2403 2653 ἡμισείας
2450 2555 2546 2630 ὢν

399 2661 619 2748 ἀετός,
678 2664 794 2734 τὸν
843 2666 914 2732 δὲ
973 2660 1168 2732 ἀετὸν
1213 2660 1604 2755 ἠπιστάμην
1662 2664 1731 2732 ἐκ
1787 2668 2085 2733 παλαιοῦ
2142 2665 2399 2753 συνήθη
2445 2670 2546 2753 τῷ

397 2777 544 2837 Διί·
605 2762 875 2853 ὕστερον
933 2769 1004 2835 δὲ
1052 2768 1451 2856 ἐλογισάμην
1512 2764 1601 2846 ὥς
1652 2767 1931 2851 τάχιστα
1974 2767 2546 2855 καταφωράσουσί

395 2898 478 2956 με
521 2870 734 2958 γυπὸς
776 2870 894 2957 τὴν
940 2870 1170 2958 ἑτέραν
1207 2876 1503 2957 πτέρυγα
1550 2876 2028 2956 περικείμενον.
2104 2865 2379 2955 ἄριστον
2424 2857 2545 2937 οῦν

396 2980 622 3056 κρίνας
679 2970 754 3039 τὸ
811 2971 900 3059 μὴ
963 2972 1551 3057 παρακινδυνεύειν
1620 2970 1903 3039 ἔκοπτον
1961 2970 2366 3055 προσελθών
2421 2972 2544 3061 τὴν

395 3074 636 3160 θύραν.
725 3071 1111 3152 ὑπακούσας
1173 3076 1244 3141 δὲ
1289 3070 1323 3141 ὅ
1366 3071 1601 3161 Ἑρμῆς
1656 3078 1766 3141 καὶ
1810 3070 2100 3157 τοῦνομα
2158 3072 2542 3157 ἐκπυθόμε-

397 3200 509 3253 νος
555 3170 762 3264 ἀπῄει
805 3176 972 3242 κατὰ
1021 3175 1320 3266 σπουδὴν
1366 3176 1647 3264 φράσων
1690 3179 1787 3261 τῷ
1830 3181 1984 3256 Διί,
2041 3178 2149 3242 καὶ
2195 3169 2341 3259 μετ’
2394 3169 2542 3243 ὀλί-

394 3305 509 3366 γον
563 3278 960 3368 εἰσεκλήθην
1018 3279 1194 3345 πάνυ
1255 3279 1490 3357 δεδιώς
1549 3282 1658 3345 καὶ
1702 3284 1990 3365 τρέμων,
2048 3278 2543 3362 καταλαμβάνω

396 3408 469 3448 τε
511 3382 773 3460 πάντας
819 3374 958 3463 ἅμα
1019 3385 1557 3468 συγκαθημένους
1602 3373 1755 3446 οὐδὲ
1814 3374 2053 3456 αὐτοὺς
2096 3372 2542 3467 ἀφρόντιδας·

396 3480 811 3570 ὑπετάραττε
852 3482 978 3569 γὰρ
1023 3479 1231 3571 ἡσυχῆ
1275 3481 1349 3548 τὸ
1390 3481 1779 3567 παράδοξόν
1821 3508 1948 3565 μου
1990 3484 2109 3566 τῆς
2154 3480 2542 3570 ἐπιδημίας,

396 3591 506 3655 καὶ
539 3580 697 3654 ὅσον
745 3580 1012 3654 οὐδέπω
1043 3586 1304 3665 πάντας
1350 3579 1759 3671 ἀνθρώπους
1791 3577 2166 3672 ἀφίξεσθαι
2204 3585 2543 3668 προσεδό-
2563 3598 2659 3651 778

295 3700 372 3757 23
396 3717 528 3757 κων
556 3689 672 3756 τὸν
723 3683 923 3756 αὐτὸν
965 3689 1222 3775 τρόπον
1268 3688 1788 3774 ἐπτερωμένους.
1845 3693 1945 3753 23.
1987 3685 2021 3753 ὃ
2056 3687 2129 3752 δὲ
2158 3685 2327 3764 Ζεὺς
2355 3686 2545 3770 μάλα

401 3793 752 3882 [φοβερῶς]
803 3793 998 3877 δριμύ
1045 3819 1117 3860 τε
1161 3795 1272 3859 καὶ
1323 3791 1684 3869 τιτανῶδες
1729 3790 1825 3868 εἷς
1870 3788 1985 3874 ἐμὲ
2045 3784 2311 3857 ἀπιδών
2369 3815 2546 3880 φησι

499 3902 601 3975 τίς
647 3896 870 3963 πόθεν
917 3892 1012 3974 εἷς
1057 3889 1566 3980 ἀνδρῶν,-πόθι
1608 3918 1714 3960 τοι
1760 3892 1961 3971 πόλις
2006 3886 2122 3978 ἠδὲ
2165 3896 2432 3983 τοκῆες,·

397 3998 519 4085 ἐγώ
582 4000 653 4066 δὲ
699 3994 789 4076 (ὃς
845 3993 1026 4064 τοῦτ’
1078 3994 1359 4083 ἤκουσα,
1419 4000 1653 4081 μικροῦ
1697 3996 1817 4080 μὲν
1876 3995 2194 4074 ἐξέθανον
2238 3992 2371 4062 ὑπὸ
2419 4002 2545 4063 τοῦ
