2750 4534
473 295 555 354 66
1341 294 1751 361 [ΛοϊκιΑΝοη

471 463 861 552 Ζηνόθεμιν
904 461 1026 529 τὸν
1061 461 1445 546 Χαρμόλεω
1492 464 2033 548 Μασσαλίηθεν·
2082 461 2355 550 ἐδείχθη
2406 463 2479 528 δέ
2525 489 2640 546 μοι

473 558 813 652 ἐνἸταλίᾳ
845 563 1288 652 πρεσβεύοντι
1332 559 1507 648 ὑπὲρ
1545 575 1663 652 τῆς
1696 564 2026 649 πατρίδος
2068 564 2273 642 καλὸς
2318 559 2485 652 ἀνὴρ
2534 569 2639 630 καὶ
2742 605 2744 650 3

471 673 678 756 μέγας
707 670 820 733 καὶ
851 667 1195 746 πλούσιος,
1248 661 1340 743 ὥς
1370 665 1618 733 ἐδόκει·
1668 666 2107 755 παρεκάθητο
2156 667 2229 732 δὲ
2263 660 2444 752 αύτῷ
2483 668 2641 752 γυνὴ

475 769 591 836 ἐπὶ
627 768 887 855 ζεύγους
917 764 1397 852 ὁδοιποροῦντι
1439 767 1525 834 τά
1555 793 1629 834 τε
1660 763 1832 834 ἄλλα
1864 767 2175 856 εἰδεχθὴς
2217 773 2331 836 καὶ
2364 767 2537 855 ξηρὰ
2568 769 2641 834 τὸ
2741 763 2744 790 ¹

473 864 680 957 ἥμισυ
722 870 799 936 τὸ
850 868 1071 946 δεξιὸν
1125 872 1236 936 καὶ
1279 869 1400 936 τὸν
1445 864 1816 958 ὀφθαλμὸν
1863 870 2318 958 ἐκκεκομμένη,
2368 872 2647 936 παλλώ-
2742 861 2744 934 ξ

475 973 682 1061 βητόν
738 998 806 1038 τι
849 975 959 1040 καὶ
1008 964 1386 1059 ἀπρόσιτον
1444 967 1950 1060 μορμολύκειον.
2027 969 2173 1039 εἶτα
2232 971 2386 1038 ἐπεὶ
2433 970 2645 1038 ἐθαύ-
2742 1012 2744 1046 ;

479 1097 665 1160 μασα
711 1073 772 1140 εἰ
801 1071 1003 1150 καλὸς
1051 1067 1246 1151 οὗτος
1288 1075 1400 1139 καὶ
1448 1073 1698 1160 ὡραῖος
1744 1063 1837 1139 ὢν
1870 1068 2172 1157 ἀνέχεται
2218 1081 2645 1157 παροχουμέ-
2742 1101 2744 1108 ·

479 1202 594 1297 νην
638 1174 954 1264 τοιαύτην
1003 1171 1185 1260 αὐτῷ
1225 1189 1537 1261 γυναῖκα,
1584 1172 1619 1242 o‘
1670 1175 1893 1254 δείξας
1941 1170 2142 1243 αὐτὸν
2187 1176 2481 1263 διηγεῖτό
2532 1202 2643 1259 μοι

477 1277 598 1366 τὴν
643 1271 929 1365 ἀνάγκην
985 1280 1105 1343 τοῦ
1148 1276 1364 1362 γάμου
1424 1272 1719 1373 ἀκριβῶς
1765 1276 1963 1356 εἰδώς
2008 1278 2285 1344 ε’καστα·
2348 1283 2647 1344 Μασσα-

483 1379 727 1467 λιώτης
775 1379 846 1446 δὲ
876 1381 987 1444 καὶ
1026 1371 1226 1456 αὐτὸς
1270 1364 1366 1466 ἦν.
1445 1379 1864 1498 Μενεκράτει
1908 1378 2053 1466 γάρ,
2103 1379 2252 1466 έφη,
2304 1383 2403 1465 τιῦ
2438 1385 2645 1464 πατρὶ

483 1485 600 1568 τῆς
638 1480 1028 1567 δυσμόρφου
1072 1479 1317 1567 ταύτης
1363 1482 1564 1566 φίλος
1606 1465 1689 1566 ἦν
1733 1476 1768 1547 ὃ
1802 1475 2191 1568 Ζηνόθεμις
2234 1482 2645 1546 πλουτοῦντι

480 1586 591 1649 καὶ
622 1586 976 1668 τιμωμένῳ
1023 1577 1350 1666 ὁμότιμος
1383 1580 1494 1647 ὦν.
1555 1582 1775 1668 χρόνῳ
1822 1578 1961 1648 δὲ(
1926 1609 1961 1648 ο
2002 1582 2439 1670 Μενεκράτης
2470 1577 2645 1668 ἀφη-

481 1690 652 1773 ρέθη
698 1683 820 1772 τὴν
851 1681 1088 1750 οὐσίαν
1135 1681 1202 1748 ἐκ
1233 1684 1609 1772 καταδίκης,
1658 1677 1901 1770 ότεπερ
1947 1689 2056 1752 καὶ
2103 1709 2343 1768 ατιμος
2392 1684 2647 1770 εγένετο

477 1783 612 1853 ὑπὸ
676 1789 810 1852 τῶν
868 1784 1230 1863 ἑξακοσίων
1288 1782 1382 1863 ὦς
1440 1780 1964 1875 ἀποφηνάμενος
2020 1785 2283 1873 γνώμην
2344 1787 2646 1871 παράνο-

479 1913 629 1973 μον.
707 1879 881 1953 οὕτω
945 1886 1017 1952 δὲ
1075 1887 1140 1954 οἱ
1187 1889 1695 1956 Μασσαλιῶται
1749 1887 2140 1972 κολάζομεν,
2200 1887 2360 1974 ἔφη,
2427 1889 2493 1954 εἰ’
2550 1913 2647 1965 τις

484 1988 852 2073 παράνομα
916 1988 1260 2074 γράψειεν.
1365 1989 1674 2057 ἐλυπεῖτο
1743 1979 1857 2056 οῦν
1926 1986 1961 2058 o‘
2042 1989 2472 2078 Μενεκράτης
2541 1994 2719 2055 καὶόὃί

489 2092 604 2158 ἐπὶ
648 2094 730 2178 τῇ
774 2091 1093 2178 καταδίκη
1147 2087 1295 2157 επεὶ
1356 2117 1427 2158 εκ
1472 2094 1802 2160 πλουσίου
1850 2097 2055 2181 πένης
2106 2095 2218 2158 καὶ
2264 2091 2337 2170 ἐξ
2378 2091 2647 2169 ενδόξοι.

491 2190 730 2271 αδοξος
777 2192 844 2259 ἒν
874 2185 1079 2279 ὀλίγῳ
1129 2191 1417 2279 εγένετο·
1462 2192 1758 2277 μάλιστα
1805 2195 1878 2260 δὲ
1910 2188 2113 2261 αὐτὸν
2136 2188 2311 2290 ἠνία
2342 2195 2645 2280 θυγάτηρ

492 2288 652 2416 αύτη
721 2292 1047 2378 ἐπίγαμος
1113 2288 1238 2382 ἤδη
1308 2296 1417 2360 καὶ
1488 2288 2030 2373 ὄκτωκαιδεκέτις
2086 2291 2288 2373 οἰσα,
2349 2294 2431 2380 ἣν
2498 2290 2649 2362 ουδέ
2740 2283 2742 2290 ¹

487 2395 656 2480 μετὰ
688 2395 912 2482 πάσης
954 2399 1070 2484 τῆς
1103 2389 1336 2473 οὗσίας
1382 2400 1500 2462 τοῦ
1532 2396 1808 2483 πατρός,
1854 2395 1934 2485 ἣν
1964 2395 2098 2482 πρὸ
2145 2401 2263 2483 τῆς
2288 2397 2646 2483 καταδίκης

491 2497 822 2586 ἐκέκτητο,
890 2492 1175 2584 ἠξίωσεν
1245 2523 1325 2563 αν
1388 2522 1487 2575 τις
1542 2500 1671 2563 τῶν
1736 2522 1811 2584 γε
1868 2493 2117 2582 ἀγενῶν
2171 2502 2282 2564 καὶ
2341 2499 2643 2619 πενήτων

491 2600 740 2690 ῥᾳδίως
799 2601 1217 2684 παραλαβεῖν
1277 2591 1487 2676 ούτως
1531 2600 1985 2682 κακοδαίμονα
2032 2597 2239 2665 οὖσαν
2296 2598 2415 2685 τὴν
2460 2595 2641 2680 όψιν.

493 2702 749 2789 ελέγετο
799 2702 870 2768 δὲ
913 2704 1026 2767 καὶ
1068 2707 1523 2768 καταπίπτειν
1578 2700 1752 2786 πρὸς
1794 2700 1915 2788 τὴν
1961 2702 2235 2790 σελήνην
2282 2696 2643 2786 αὐξανομέ-

389 2813 466 2868 25
495 2831 628 2893 νην.
709 2809 810 2870 25
859 2798 948 2880 ὥς
1008 2803 1079 2869 δὲ
1122 2805 1333 2868 ταῦτα
1392 2802 1565 2889 πρὸς
1621 2802 1739 2870 τὸν
1783 2805 2170 2892 Ζηνόθεμιν
2230 2797 2639 2924 ἀπωδύρετο

497 2905 780 2987 Θάρρει,
842 2904 1000 2991 έφη,
1063 2929 1114 2968 ω
1176 2909 1628 2991 Μενέκρατες,
1700 2901 1852 2971 ούτε
1906 2904 2031 2991 γὰρ
2091 2898 2463 2992 ἀπορήσεις
2518 2908 2643 2969 τῶν

495 3001 870 3128 ἀναγκαίων
929 3009 1040 3072 καὶ
1098 3001 1138 3094 ἡ
1185 3005 1488 3133 θυγάτηρ
1534 3030 1655 3074 σου
1703 3002 1891 3086 άξιον
1948 3011 2066 3074 τοῦ
2110 3014 2342 3093 γένους
2388 3003 2641 3096 εὑρήσει
2736 3079 2738 3094 2

494 3107 646 3175 τινὰ
679 3113 1000 3194 νυμφίον·
1046 3111 1157 3174 καὶ
1185 3111 1399 3174 ταῦτα
1430 3107 1569 3192 ἅμα
1602 3107 1868 3187 διεξιών
1901 3109 2266 3194 λαβόμενος
2302 3103 2504 3175 αὐτὸν
2536 3133 2642 3226 της
2736 3099 2738 3124 ³

497 3210 720 3288 δεξιᾶς
762 3205 916 3297 ἦγεν
972 3209 1038 3287 ἐς
1081 3207 1200 3298 τὴν
1249 3209 1465 3277 οικίαν
1520 3214 1629 3277 καὶ
1676 3211 1793 3300 τήν
1837 3236 1911 3278 τε
1958 3205 2190 3278 οὗσίαν
2236 3209 2494 3299 πολλὴν
2540 3207 2642 3276 οὐ·

497 3336 622 3378 σαν
669 3310 976 3394 ἐνείματο
1037 3310 1209 3395 πρὸς
1267 3305 1471 3378 αὐτὸν
1527 3315 1639 3378 καὶ
1685 3313 1959 3380 δεῖπνον
2004 3315 2638 3396 παρασκευασθῆναι

495 3414 809 3492 κελεύσας
856 3415 1078 3480 εἱστία
1122 3412 1276 3492 τοὺς
1322 3416 1564 3502 φίλους
1605 3417 1714 3482 καὶ
1762 3414 1880 3481 τὸν
1926 3414 2380 3501 Μενεκράτην,
2426 3410 2528 3492 ’ὦς
2572 3413 2642 3498 δή

493 3545 646 3586 τινα
690 3525 824 3582 τῶν
855 3516 1139 3600 ἑταίρων
1178 3515 1522 3595 πεπεικὼς
1566 3513 1945 3604 ὑποστῆναι
1985 3521 2103 3605 τῆς
2132 3511 2329 3605 κόρης
2374 3515 2491 3584 τὸν
2533 3517 2641 3602 γά·
2734 3565 2736 3574 .

497 3646 642 3704 μον.
716 3619 864 3686 ἐπεὶ
913 3619 985 3685 δὲ
1019 3619 1446 3707 ἐδεδείπνητο
1482 3613 1711 3696 αὐτοῖς
1752 3623 1861 3686 καὶ
1896 3620 2219 3687 ἔσπεισαν
2264 3632 2409 3697 τοῖς
2439 3624 2641 3696 θεοῖς,

500 3723 796 3788 ἐνταῦθα
843 3721 919 3808 δὴ
967 3721 1215 3810 μεστὴν
1263 3715 1444 3807 αὐτῷ
1488 3720 1605 3810 τὴν
1653 3723 1903 3810 φιάλην
1948 3728 2334 3807 προτείνας,
2382 3721 2642 3800 Δέδεξο,

502 3822 722 3903 εἶπεν,
785 3821 838 3886 εὖ
901 3828 1354 3909 ΙΡΙενέκρατες,
1419 3822 1608 3910 παρὰ
1665 3828 1785 3891 τοῦ
1839 3828 2141 3911 γαμβροῦ
2195 3822 2313 3912 τὴν
2374 3826 2643 3910 φιλοτη-

501 3932 685 3991 σίαν·
749 3919 996 4007 ἄξομαι
1039 3922 1165 4010 γὰρ
1224 3922 1348 4009 ἐγώ
1397 3923 1681 4010 τήμερον
1733 3925 1851 4011 τὴν
1899 3924 2017 4011 σὴν
2062 3929 2403 4010 θυγατέρα
2449 3925 2643 3990 Κυδι-

499 4027 743 4114 μάχην·
801 4024 920 4113 τὴν
967 4039 1215 4110 προῖκα
1264 4026 1334 4091 δὲ
1381 4025 1595 4093 πάλαι
1642 4027 1908 4114 εἴληφα,
1959 4027 2255 4092 τάλαντα
2302 4031 2502 4092 πέντε
2544 4029 2639 4091 καὶ
