2750 4534
823 256 1108 308 ΟΝΕΙΡΟΣ
1141 256 1184 307 fl
1218 250 1620 307 ΑΔΕΚΤΡΥΩΝ.
1830 238 1837 241 ’
2170 242 2291 299 127

131 425 256 503 τός
301 418 479 515 ἥκων
526 424 698 510 πρὸς
741 421 946 511 ἡμᾶς,
1001 418 1077 490 οὗ
1120 436 1310 507 μεῖον
1356 415 1417 487 δ’
1472 416 1552 486 ἄν
1596 445 1664 485 τι
1710 421 1818 484 σοὶ
1864 414 2137 502 ἐγένετο,
2182 416 2294 480 καὶ

137 521 395 595 ἀπόντι
449 525 576 612 γὰρ
623 519 893 593 άπαντα
953 525 1102 613 ἑξῆς
1146 518 1527 591 ἀπέσταλτο
1576 517 1688 587 άν·
1746 520 1860 585 καὶ
1905 517 2046 600 ἅμα
2093 518 2295 600 λέγων

138 629 361 716 εἰσῄει
386 632 803 715 χειραγωγῶν
833 628 950 695 τὸν
974 626 1409 711 Θεσμόπολιν
1436 618 1614 710 αὐτῷ
1646 620 2153 710 ἐπερειδόμενον
2183 619 2296 685 καὶ

137 745 290 809 τοῖς
340 730 645 809 οἰκέταις.
724 738 817 799 11.
869 730 992 818 ἐγώ
1039 731 1160 814 μὲν
1204 714 1319 796 οῦν
1365 722 1641 796 ἀπιέναι
1686 723 2288 853 παρεσκευαζόμην,
2327 737 2397 789 11

35 830 176 901 7185
231 834 306 900 δὲ
355 832 797 920 ἐπιστραφεὶς
840 836 951 900 καὶ
998 832 1113 899 ἐπὶ
1159 830 1333 898 πολὺ
1381 830 1750 911 ἐνδοιάσας,
1798 830 1949 897 ἐπεί
1990 852 2073 914 με
2117 828 2295 893 πάνυ

142 936 562 1021 σκυθρωπὸν
609 932 776 1016 εἶδε,
838 935 1140 1019 Πάριθι,
1201 935 1362 1023 ε’φη,
1420 936 1529 1000 καὶ
1578 934 1688 1015 σύ,
1743 918 1796 999 ὠ
1843 932 2139 1015 Μικύλε,
2184 936 2294 997 καὶ

143 1039 536 1106 συνδείπνει
577 1031 745 1121 μεθ’
795 1033 1014 1126 ἡμῶν·
1072 1037 1190 1103 τὸν
1235 1035 1378 1103 υιόν
1423 1034 1548 1121 γὰρ
1594 1035 1719 1121 ἐγώ
1763 1034 2049 1103 κελεύσω
2104 1060 2169 1102 εν
2212 1038 2296 1121 τῇ

143 1140 644 1266 γυναικωνίτιδι
698 1139 866 1223 μετὰ
910 1143 1028 1225 τῆς
1071 1137 1320 1227 μητρὸς
1378 1137 1773 1219 εστιᾶσθαι,
1820 1135 1913 1217 ὥς
1958 1137 2038 1206 σύ
2078 1139 2299 1225 χώραν

147 1242 348 1325 ε’χοις.
425 1240 674 1329 εἰσῄειν
721 1227 834 1307 οῦν
877 1239 1095 1327 μάτην
1142 1240 1333 1319 λύκος
1372 1240 1591 1323 χανών
1635 1239 1824 1322 παρὰ
1866 1236 2132 1328 μικρόν,
2192 1241 2295 1307 αἰ-

145 1344 550 1427 σχυνόμενος
609 1335 714 1410 ότι
773 1342 1040 1409 ἐδόκουν
1098 1342 1553 1431 ἐξεληλακέναι
1608 1346 1726 1408 τοῦ
1786 1350 2162 1427 σιμποσίου
2219 1340 2295 1409 τὸ

145 1446 434 1513 παιδίον
490 1448 612 1511 τοῦ
667 1438 1062 1571 Εὐκράτους.
1149 1439 1437 1533 κάπειδὴ
1494 1448 2018 1515 κατακλίνεσθαι
2069 1449 2300 1531 καιρὸς

144 1535 261 1637 ἦν,
312 1550 583 1634 πρῶτον
625 1548 745 1631 μὲν
791 1541 1112 1631 ἀράμενοι
1158 1546 1489 1615 ἀνέθεσαν
1544 1546 1659 1614 τὸν
1709 1550 2139 1633 Θεσμόπολιν
2184 1546 2301 1617 οῦκ

149 1646 609 1736 ἀπραγμόνως
673 1647 766 1732 μὰ
823 1655 963 1716 Δία
1019 1654 1220 1715 πέντε
1279 1645 1471 1732 οἶμαι
1528 1657 1860 1718 νεανίσκοι
1917 1647 2301 1738 εὐμεγέθεις

147 1750 524 1835 ὑπαυχένια
567 1751 1047 1838 περιβύσαντες
1093 1746 1271 1835 αὐτῷ
1316 1752 1693 1833 πάντοθεν,
1750 1750 1842 1832 ὥς
1885 1755 2189 1839 διαμένοι
2232 1755 2301 1822 ἓν

147 1866 242 1943 τῷ
279 1854 567 1941 σχήματι
609 1857 719 1921 καὶ
765 1854 880 1921 ἐπὶ
926 1852 1100 1920 πολὺ
1145 1868 1485 1939 καρτερεῖν
1532 1854 1821 1923 δύναιτο.
1913 1854 2057 1923 εἶτα
2100 1858 2302 1946 μηδε-

149 1958 267 2038 νὸς
300 1952 696 2040 ἀνεχομένου
741 1958 1030 2044 πλησίον
1073 1961 1517 2023 κατακεῖσθαι
1562 1954 1765 2024 αὐτοῦ
1809 1957 1925 2042 εμὲ
1966 1955 2304 2027 ὑποκατα-

150 2064 455 2128 κλίνουσι
515 2063 861 2144 φέροντες,
921 2055 1011 2137 ὡς
1065 2054 1516 2143 ὁμοτράπεζοι
1572 2060 1817 2148 εἷ’-,ημεν
1907 2055 2303 2130 τοῦντεῦθεν

153 2164 626 2245 ἐδειπνοῦμεν,
695 2186 748 2226 ω
807 2161 1217 2246 Πυθαγόρα,
1286 2161 1642 2247 πολύοψόν
1704 2190 1771 2229 τι
1827 2167 1939 2231 καὶ
1998 2169 2303 2233 ποικίλον

156 2267 436 2333 δεῖπνον
493 2261 608 2329 ἐπὶ
650 2267 893 2348 χρυσοῦ
940 2264 1192 2329 πολλοῦ
1250 2266 1362 2329 καὶ
1410 2256 1723 2349 ἀργύρου·
1783 2269 1890 2332 καὶ
1940 2265 2305 2351 εκπιόματα

157 2354 240 2453 ἦν
280 2368 496 2451 χρυσᾶ
551 2367 659 2431 καὶ
710 2365 1008 2433 διάκονοι
1053 2361 1293 2451 ὦραῑοι
1345 2368 1458 2433 καὶ
1501 2371 1901 2453 μουσουργοὶ
1944 2372 2056 2435 καὶ
2100 2371 2306 2453 γελω-

155 2470 435 2535 τοποιοὶ
480 2466 745 2551 μεταξύ,
792 2470 902 2533 καὶ
933 2460 1106 2545 όλως
1151 2464 1386 2561 ἡδίστη
1430 2492 1534 2545 τις
1562 2464 1643 2555 ἠν
1684 2464 1723 2556 ἡ
1756 2470 2082 2559 διατριβή,
2129 2472 2308 2557 πλὴν

160 2564 302 2637 ἀλλ’
358 2569 425 2637 έν
469 2594 553 2654 με
599 2569 830 2637 ἐλύπει
875 2562 950 2635 οὗ
996 2576 1282 2655 μετρίως
1326 2567 1360 2636 o‘
1399 2570 1830 2654 Θεσμόπολις
1874 2572 2153 2655 ἑνοχλων
2197 2577 2307 2641 καὶ

59 2696 142 2746 719
160 2670 405 2761 ἀρετήν
433 2700 586 2739 τινα
615 2671 790 2757 πρός
830 2696 914 2755 με
943 2670 1207 2749 διεξιών
1254 2674 1367 2738 καὶ
1402 2671 1730 2739 διδάσκων
1760 2669 1853 2751 ὥς
1884 2674 1954 2740 αἱ
1986 2674 2101 2740 δύο
2134 2668 2309 2742 ἀπο-

161 2777 410 2866 φάσεις
454 2782 616 2860 μίαν
643 2773 1026 2862 κατάφασιν
1066 2768 1474 2840 ἀποτελοῦσι
1518 2778 1628 2842 καὶ
1660 2770 1751 2853 ὥς
1797 2774 1857 2841 εἰ
1886 2772 2100 2864 ἡμέρα
2147 2775 2307 2856 ἐστί,

162 2878 282 2957 νύξ
337 2872 455 2945 οῦκ
499 2876 712 2961 ἔστιν,
773 2874 987 2943 ἐνίοτε
1045 2875 1116 2941 δὲ
1159 2878 1268 2942 καὶ
1327 2880 1570 2961 κέρατα
1619 2876 1905 2962 ἔφασκεν
1958 2874 2132 2944 εἶναί
2173 2904 2310 2962 μοι.

161 2983 449 3047 τοιαῦτα
513 2976 736 3045 πολλὰ
805 2972 994 3045 οὐδὲν
1052 2978 1341 3064 δεομένῳ
1399 2981 1979 3067 προσφιλοσοφῶν
2046 2981 2314 3070 συνῄρει

161 3086 274 3151 καὶ
343 3078 748 3165 ὑπετέμνετο
814 3079 933 3166 τὴν
1001 3073 1413 3168 εὐφροσύνην
1481 3074 1595 3147 οῦκ
1663 3081 1786 3148 ἐών
1854 3076 2117 3150 ἀκούειν
2183 3087 2314 3149 τῶν

161 3184 654 3269 κιθαριζόντων
698 3174 1087 3271 ἢᾷδόντων.
1173 3185 1439 3250 τοιοῦτο
1483 3188 1605 3266 μέν
1652 3207 1780 3266 σοι,
1828 3171 1882 3250 αἶ
1922 3179 2312 3271 ἀλεκτρυών,

159 3288 236 3355 τὸ
287 3288 583 3354 δεῖπνον.

340 3392 634 3455 ΑΛΕΚ.
721 3380 853 3469 Οῦχ
897 3380 1199 3476 ἥδιστον,
1247 3371 1298 3449 ὦ
1330 3386 1627 3467 Μικύλε,
1671 3392 1784 3455 καὶ
1826 3388 2122 3472 μάλιστα
2167 3412 2312 3454 επει

167 3487 678 3577 συνεκληρωθης
721 3493 818 3575 τῷ
864 3488 1040 3579 λήρῳ
1087 3488 1311 3575 ἐκείνῳ
1355 3493 1631 3574 γέροντι.

347 3598 696 3659 12.M1K.
768 3587 1006 3659 Ἄκουε
1037 3592 1107 3659 δὲ
1138 3587 1261 3681 ἤδη
1305 3595 1416 3659 καὶ
1461 3590 1538 3657 τὸ
1573 3591 1913 3659 ἐνύπνιον·
1959 3587 2145 3679 ᾤμην
2186 3590 2311 3678 γὰρ
2348 3603 2421 3659 12

169 3698 285 3765 τὸν
335 3691 677 3784 Εὐκράτην
735 3689 934 3762 αὐτὸν
993 3690 1255 3761 απαιδα
1313 3689 1477 3759 ὅντα
1538 3689 1653 3759 οὐκ
1714 3686 1845 3759 οἶδ’
1895 3686 2086 3771 όπως
2147 3687 2319 3761 ἀπο-

168 3794 523 3885 θνήσκειν,
591 3796 737 3865 εἶτα
798 3797 1348 3883 προσκαλέσαντά
1414 3822 1497 3880 με
1548 3800 1659 3862 καὶ
1719 3795 2050 3881 διαθήκας
2114 3800 2322 3880 θέμε-

173 3930 318 3983 νον,
382 3926 450 3967 εν
499 3899 606 3978 αἶς
650 3895 685 3967 ὅ
731 3902 1138 3987 κληρονόμος
1181 3896 1258 3987 ἦν
1306 3893 1626 3964 ἁπάντων
1673 3896 1828 3982 ἐγω,
1886 3896 2121 3983 μικρὸν
2169 3897 2321 3967 ἐπι-

173 4001 440 4090 σχόντα
478 3996 882 4069 ἀποθανεῖν·
941 3999 1225 4085 ἐμαυτὸν
1284 4001 1356 4067 δε
1413 3998 1847 4083 παρελθόντα
1906 3998 1973 4077 ές
2026 4026 2150 4087 την
2210 3996 2321 4069 οὗ·
