2750 4534
1113 229 1386 289 ΕΡΩἜΕΣ.
2243 228 2322 286 13

257 400 658 484 τερπόμενοι
701 400 1114 481 λεύσσουσιν,
1160 397 1195 467 o‘
1245 395 1311 466 δ’
1367 393 1728 488 ἀσφαλέως
1774 392 2076 485 ἀγορεύει

258 502 444 570 αἰδοῖ
483 504 793 590 μειλιχίῃ,
837 501 1006 588 μετά
1055 503 1126 569 δὲ
1172 507 1421 587 πρέπει
1470 497 1967 589 ἀγρομένοισιν·

88 620 156 668 424
255 604 606 690 ἐρχόμενον
653 599 716 670 δ’
772 598 897 672 άνὰ
945 600 1112 672 ἄστυ
1157 603 1328 672 θεὸν
1373 603 1467 682 ὣς
1514 602 1927 689 εἰσορόωσιν.

173 708 276 782 καὶ
322 705 533 772 πάλιν
579 703 732 773 εἶπέ
777 731 912 773 που
959 709 1194 793 λέγων·

423 803 542 875 οὐκ
585 805 720 893 ἄρα
765 814 878 876 σοί
919 806 985 895 γ’
1035 807 1153 876 ἐπὶ
1200 807 1367 874 εἴδει·
1410 809 1519 874 καὶ
1568 812 1805 894 φρένες
1847 793 2039 893 ἦσαν.

175 906 403 994 ἀμέλει
447 915 566 979 τοῦ
609 915 814 978 καλοῦ
851 915 1115 998 Νιρέως
1158 907 1192 978 o‘
1232 903 1827 998 σοφὸςὈδυσσεὺς
1872 911 2078 976 πλέον
2124 907 2322 976 ἐπαι-

174 1026 401 1081 νεῖται.
491 1019 590 1080 24.
637 1017 786 1091 πῶς
846 999 960 1080 οὖν
1005 1013 1395 1103 φρονήσεως
1448 1013 1569 1096 μὲν
1612 1002 1655 1098 ἢ
1700 1011 2130 1100 δικαιοσύνης
2184 1014 2317 1076 τῶν
2350 1019 2429 1074 24

173 1139 239 1182 τε
283 1118 548 1182 λοιπῶν
607 1109 888 1200 ἀρετῶν,
952 1119 1024 1182 αἳ
1067 1118 1350 1193 τελείοις
1409 1108 1695 1199 άνδράσι
1740 1113 2100 1201 σύγκληρον
2146 1112 2324 1198 εἰλή-

170 1241 317 1300 χασι
362 1218 587 1299 τάξιν,
635 1215 921 1296 ούδεὶς’
901 1217 1067 1303 ε’ρως
1112 1217 1427 1301 ἐντρέχει,
1482 1217 1557 1283 τὸ
1607 1211 1671 1283 δ’
1726 1215 1793 1282 ἐν
1838 1220 2041 1283 παισὶ
2084 1215 2326 1292 κάλλος

173 1316 497 1399 ὀξυτάτας
561 1316 778 1406 ὁρμὰς
842 1323 1095 1387 παθῶν
1160 1318 1432 1408 ἐγείρει,·
1496 1317 1676 1385 πάνυ
1739 1322 1897 1405 γοῦν
1964 1317 2120 1403 ἐρᾶν
2187 1317 2324 1384 ἔδει

179 1423 475 1507 Φαίδρου
523 1421 636 1489 διὰ
683 1428 988 1506 Λυσίαν,
1036 1406 1089 1486 ῶ
1134 1421 1455 1502 Πλάτων,
1501 1419 1580 1488 ὃν
1625 1414 2031 1505 προυδωκεν.
2118 1407 2161 1506 ἢ
2204 1417 2325 1504 τὴν

177 1518 410 1645 ἀρετὴν
471 1525 694 1612 φιλεῖν
744 1518 1172 1608 Λλκιβιάδου
1234 1523 1410 1601 εἰκὸς
1466 1509 1576 1608 ἦν,
1645 1521 1823 1589 διότι
1878 1515 2325 1610 ἠκρωτηρίαζε

176 1624 252 1690 τὰ
295 1629 484 1692 θεῶν
531 1620 884 1711 ἀγάλματα
928 1629 1039 1693 καὶ
1083 1625 1202 1712 τὴν
1249 1625 1317 1692 ἐν
1340 1620 1661 1692 Ἐλευσῖνι
1704 1623 1972 1708 τελετὴν
2020 1624 2090 1689 αἱ
2136 1622 2324 1709 παρὰ

177 1727 384 1794 πότον
454 1728 856 1815 ἐξωρχοῦντο
925 1734 1151 1816 φωναί
1165 1758 1186 1812 ,-
1250 1735 1353 1806 τίς
1421 1725 1703 1813 ἐραστὴς
1767 1724 2082 1812 ὁμολογεῖ
2144 1730 2324 1811 γενέ-

177 1834 344 1896 σθαι
388 1830 901 1915 προδιδομένων
939 1825 1254 1918 Ἀθηνῶν
1299 1833 1411 1897 καὶ
1441 1831 1800 1907 Δεκελείας
1845 1827 2324 1910 ἐπιτειχιζομέ-

179 1959 285 2020 νης
340 1935 459 2001 καὶ
512 1938 667 2017 βίου
718 1932 1078 2019 τυραννίδα
1131 1934 1538 2017 βλέποντος,·
1604 1925 1755 1997 ιῖιλλ>
1820 1957 1972 2018 αχρι
2030 1932 2153 2014 μὲν
2213 1925 2325 1997 οὗ·

181 2037 358 2102 δέπω
405 2033 576 2102 κατὰ
619 2035 737 2102 τὸν
771 2033 950 2119 ιερὸν
983 2029 1320 2106 Πλάτωνα
1365 2034 1688 2120 πώγωνος
1734 2033 2142 2118 ἐπίμπλατο,
2190 2037 2325 2097 πᾶ-

95 2151 164 2200 425
183 2160 284 2204 σιν
342 2137 716 2223 ἐπέραστος
762 2139 869 2225 ἠν·
927 2135 1224 2221 μεταβὰς
1285 2131 1347 2202 δ’
1402 2131 1539 2204 άπὸ
1600 2140 1719 2203 τοῦ
1775 2135 2026 2213 παιδὸς
2085 2133 2151 2212 ἐς
2207 2135 2324 2201 τὸν

182 2236 406 2327 άνδρα,
453 2237 618 2305 καθ’
669 2237 750 2326 ἣν
793 2235 1056 2328 ἡλικίαν
1098 2235 1138 2326 ἦ
1185 2244 1350 2316 τέως
1398 2233 1635 2328 άτελὴς
1679 2238 2006 2327 φρόνησις
2050 2233 2325 2357 ὁλόκλη-

181 2367 289 2425 ρον
333 2339 473 2424 εἶχε
517 2341 634 2410 τὸν
667 2340 1002 2428 λογισμόν,
1047 2337 1180 2407 ὕπὸ
1217 2341 1493 2416 πάντων
1536 2340 1854 2424 ἐμισεῖτο.
1927 2347 1998 2408 τί
2029 2339 2145 2424 δή,·
2189 2338 2325 2404 πά-

181 2449 374 2511 θεσιν
427 2444 725 2527 αἰσχροῖς
769 2437 1118 2527 ὀνομάτων
1167 2442 1652 2532 ἐπιγράφοντες
1699 2443 1867 2510 αἰδῶ
1911 2446 2127 2530 ψυχῆς
2173 2436 2325 2529 ἇρε-

181 2545 292 2632 τὴν
351 2549 622 2631 λέγουσι
685 2546 807 2632 τὴν
870 2550 990 2614 τοῦ
1049 2546 1356 2630 σώματος
1420 2543 1829 2633 εὐπρέπειαν
1896 2547 1963 2612 οἱ
2022 2545 2327 2632 φιλόνεοι

181 2650 433 2730 μᾶλλον
491 2639 532 2737 ἢ
579 2648 974 2737 φιλόσοφοι.
1063 2652 1174 2716 καὶ
1220 2653 1431 2715 ταῦτα
1486 2649 1608 2732 μὲν
1650 2644 1809 2734 ἡμῖν
1853 2645 2025 2731 ὑπὲρ
2074 2651 2194 2713 τοῦ
2235 2647 2324 2734 μὴ

185 2750 392 2818 δοκεῖν
463 2748 814 2836 ἐπισήμων
881 2744 1139 2835 ἀνδρῶν
1209 2750 1829 2839 φιλαπεχθημόνως
1893 2748 2329 2837 μνημονεύειν

183 2850 292 2920 ἐπὶ
333 2855 662 2919 τοσοῦτον
707 2851 1032 2941 εἰρήσθω.

344 2961 452 3020 25.
495 2953 733 3035 Μικρὰ
782 2948 842 3019 δ’
881 2949 1019 3021 ἀπὸ
1066 2958 1183 3043 τῆς
1228 2951 1393 3040 ἄγαν
1437 2955 1739 3042 ,σπουδῆς
1782 2951 1898 3020 ἐπὶ
1942 2952 2062 3042 τὴν
2090 2949 2323 3036 ὗμετέ-
2356 2958 2431 3013 25

184 3081 328 3140 ραν,
397 3051 460 3122 αἶ
507 3056 1034 3140 Καλλικρατίδα,
1093 3056 1391 3141 καταβὰς
1444 3052 1687 3145 ἡδονὴν
1732 3055 2048 3134 ἐπιδείξω
2090 3057 2329 3124 παιδι-

183 3162 290 3243 κῆς
315 3159 619 3246 χρήσεως
647 3157 839 3229 πολὺ
869 3157 990 3246 τὴν
1019 3164 1399 3244 γυναικείαν
1444 3152 1715 3243 ἀμείνω.
1786 3162 1901 3226 καὶ
1930 3159 2005 3225 τό
2039 3183 2112 3246 γε
2142 3162 2329 3242 πρῶ-

185 3286 293 3327 τον
326 3258 454 3347 ἐγὼ
486 3264 717 3326 πᾶσαν
764 3258 1144 3328 ἀπόλαυσιν
1188 3258 1477 3349 ἡγοῦμαι
1504 3265 1951 3346 τερπνοτέραν
1996 3257 2169 3330 εἶναι
2212 3259 2331 3345 τὴν

186 3368 656 3450 χρονιωτέραν·
718 3356 905 3440 ὀξεῖα
959 3360 1083 3448 γὰρ
1129 3359 1330 3449 ἡδονὴ
1390 3366 1813 3448 παραπτᾶσα
1859 3361 2114 3450 φθάνει
2168 3364 2329 3450 πρὶν

187 3454 224 3548 ἢ
265 3468 659 3551 γνωσθῆναι
703 3463 1252 3552 πεπαυμένη,τό
1305 3459 1368 3530 δ’
1422 3458 1780 3553 ευφραῖνον
1826 3463 1893 3530 ἐν
1936 3467 2035 3550 τῷ
2077 3468 2330 3545 παρέλ-

189 3591 366 3634 κοντι
409 3581 725 3651 κρεῖττον.
803 3562 894 3644 ὡς
941 3567 1092 3633 ειθε
1134 3591 1208 3653 γε
1249 3571 1360 3634 καὶ
1404 3573 1557 3650 βίου
1600 3566 1857 3651 μακρὰς
1900 3571 2333 3650 προθεσμίας

190 3665 224 3753 ἡ
269 3670 662 3757 μικρολόγος
703 3665 862 3759 ἡμῖν
907 3667 1249 3737 ἐπέκλωσε
1295 3677 1531 3753 Μοῖρα
1586 3673 1699 3736 καὶ
1743 3667 1817 3737 τὸ
1866 3672 2006 3734 πᾶν
2060 3655 2140 3750 ἦν
2186 3669 2331 3756 διη-

106 3772 374 3858 426νεκὴς
415 3769 634 3858 ὑγίεια
694 3771 1025 3858 μηδεμιᾶς
1071 3771 1284 3860 λύπης
1339 3769 1460 3857 τὴν
1507 3770 1810 3839 διάνοιαν
1870 3769 2329 3859 ἐκνεμομένης·

193 3870 419 3960 ἑορτὴν
471 3872 596 3958 γὰρ
658 3863 736 3940 ὃν
795 3875 908 3938 καὶ
965 3873 1333 3960 πανήγυριν
1392 3871 1508 3939 τὸν
1565 3865 1721 3939 ὅλον
1774 3871 2011 3958 χρόνον
2066 3867 2329 3959 ἤγομεν.

197 3968 339 4040 ἀλλ’
391 3972 544 4042 ἐπεὶ
591 3978 724 4041 τῶν
755 3973 1076 4058 μειζόνων
1119 3969 1402 4061 ἀγαθῶν
1446 3971 1481 4041 6
1514 3973 1846 4059 βάσκανος
1890 3975 2149 4057 δαίμων
2196 3972 2333 4040 ἐνε-
