2750 4534
385 258 508 317 136
1275 258 1647 313 ΔΟΥΚΙΔΝΟΥ

383 422 527 497 τότ’
594 427 967 517 ἐπειράθης
1025 428 1271 497 ἐκείνου
1336 438 1460 494 τοῦ
1512 433 1701 512 βίου;
1764 412 1805 517 ἦ
1866 452 2002 494 που
2062 427 2553 510 πανευδαίμων

383 517 571 621 ἦσθα
623 528 698 597 τὸ
763 532 1130 620 κεφάλαιον
1187 523 1225 596 δ’
1281 556 1348 598 τι
1402 534 1530 615 πέρ
1589 528 1732 598 ἐστι
1790 533 1919 595 τῶν
1974 522 2255 615 ἀγαθῶν
2312 524 2671 595 §miv—738

383 658 518 699 των
562 638 764 716 ἔχων,

555 738 872 855 ΑΛΕΚ.ς
962 733 1163 821 Μηδὲ
1239 726 1619 823 ἀναμνήσῃς
1681 757 1767 817 με
1780 785 1799 815 ,
1874 761 1927 798 ω
1994 732 2286 813 Μικύλε,
2364 723 2557 798 ούτω

387 836 788 922 τρισάθλιος
832 822 910 925 ἦν
955 835 1137 916 τότε,
1198 849 1340 914 τοῖς
1397 836 1517 919 μὲν
1574 834 1703 913 ἐξω
1760 838 1974 902 πᾶσιν
2032 834 2204 919 ὅπερ
2263 833 2558 922 ε’φησθα

387 938 863 1023 πανευδαίμων
933 933 1104 1005 εἶναι
1172 937 1415 1018 δοκων,
1492 935 1771 1003 ἔνδοθεν
1839 936 1913 1004 δὲ
1979 941 2251 1021 μυρίαις
2318 928 2559 1013 ἇνίαις

390 1040 617 1119 ξυνών.

560 1147 764 1207 ΜΙΚ.
874 1148 1031 1209 Τίσι
1087 1140 1398 1223 ταύταις,·
1455 1140 1809 1226 παράδοξα
1867 1138 1993 1226 γὰρ
2051 1142 2161 1206 καὶ
2216 1133 2291 1206 οὗ
2360 1138 2553 1205 πάνυ

391 1266 604 1311 πιστα
651 1242 803 1332 φής.

561 1350 855 1413 ΑΛΕΚ.
935 1330 1174 1466 ΪΗρχον
1231 1345 1350 1427 μὲν
1409 1339 1525 1411 οὐκ
1570 1339 1797 1432 ὀλίγης
1848 1343 2098 1428 χώρας,
2158 1371 2212 1407 ω
2258 1342 2557 1424 Μικύλε,

393 1447 764 1537 παμφόρου
821 1445 1004 1525 τινὸς
1057 1450 1170 1513 καὶ
1215 1447 1476 1534 πλήθει
1533 1440 1921 1532 ανθρώπων
1972 1449 2084 1513 καὶ
2129 1445 2355 1513 κάλλει
2410 1445 2550 1511 πό-

397 1554 561 1617 λεων
621 1550 688 1617 ἐν
745 1563 893 1628 ταῖς
944 1548 1238 1634 μάλιστα
1290 1548 1777 1632 θαυμάζεσθαι
1822 1541 2047 1627 ἆξίαις
2093 1560 2427 1632 ποταμοῖς
2470 1571 2553 1612 τε

396 1652 835 1777 ναυσιπόροις
889 1656 1419 1771 καταρρεομένης
1474 1654 1588 1719 καὶ
1631 1651 1939 1738 θαλάττῃ
1988 1644 2248 1737 εὖόρμω
2286 1654 2551 1734 χρωμέη

399 1780 543 1842 νης,
610 1757 719 1821 καὶ
781 1752 1061 1841 στρατιὰ
1129 1739 1208 1842 ἦν
1265 1751 1482 1840 πολλὴ
1548 1757 1661 1821 καὶ
1714 1754 1934 1831 ι’ππος
1992 1756 2550 1841 συγκεκροτηιιένη

396 1860 509 1923 καὶ
568 1854 1006 1944 δορυφορικὸν
1066 1881 1182 1923 ουκ
1237 1850 1463 1943 ὀλίγον
1519 1859 1629 1922 καὶ
1687 1855 1978 1945 τριήρεις
2034 1858 2144 1923 καὶ
2190 1853 2551 1945 χρημάτων

398 1960 669 2044 πλῆθος
730 1956 1102 2042 ἀνήριθμον
1169 1959 1281 2025 καὶ
1333 1957 1578 2041 χρυσὸς
1642 1954 1677 2025 o‘
1740 1959 1962 2035 κοῖλος
2020 1957 2382 2041 πάμπολυς
2431 1959 2551 2022 καὶ

398 2055 437 2148 ἦ
475 2056 636 2146 ἄλλη
682 2062 799 2148 τῆς
844 2051 1043 2148 ἀρχῆς
1086 2059 1423 2146 τραγῳδία
1470 2063 1661 2126 πᾶσα
1707 2059 1803 2138 εις
1834 2055 2207 2145 υπερβολὴν
2253 2056 2552 2143 ἐξωγκω-

400 2165 593 2249 μένη,
651 2152 821 2228 ὥστε
878 2156 1090 2228 οπότε
1132 2165 1478 2285 προΐοιμι,
1538 2163 1605 2228 οἱ
1647 2162 1767 2245 μὲν
1814 2164 2056 2229 πολλοὶ
2103 2159 2553 2247 προσεκύνουν

400 2266 512 2330 καὶ
545 2262 709 2330 θεόν
753 2290 904 2330 τινα
947 2259 1112 2391 ὁρᾶν
1159 2259 1369 2349 ᾤοντο
1414 2266 1524 2331 καὶ
1559 2259 1755 2331 αλλοι
1801 2257 1913 2331 ἐπ’
1960 2259 2189 2342 άλλοις
2232 2262 2553 2341 ξυνέθεον
2572 2273 2671 2324 ’139

401 2359 737 2451 ὀψόμενοί
779 2391 895 2449 με,
957 2367 1022 2431 οι
1068 2366 1141 2433 δὲ
1179 2368 1292 2433 καὶ
1337 2364 1454 2432 ἐπὶ
1501 2365 1581 2431 τὰ
1628 2372 1780 2454 τέγη
1829 2360 2130 2443 ἀνιόντες
2172 2364 2240 2431 ἐν
2284 2364 2556 2452 μεγάλῳ

405 2466 709 2535 ἐτίθεντο
770 2461 1058 2553 ἀκριβῶς
1115 2466 1475 2557 ἑωρακέναι
1539 2466 1615 2535 τὸ
1679 2468 1927 2554 ζεῦγος,
1994 2467 2115 2557 τὴν
2168 2467 2557 2556 ἐφεστρίδα,

403 2568 478 2637 τὸ
529 2569 841 2657 διάδημα,
887 2568 1043 2648 τοὺς
1086 2570 1721 2656 προπομπεύοντας,
1768 2568 1925 2649 τοὺς
1969 2569 2351 2654 ἑπομένους.
2425 2567 2556 2655 ἐγώ

405 2672 477 2738 δὲ
525 2670 718 2749 εἰδὼς
763 2667 988 2738 ὁπόσα
1044 2696 1129 2755 με
1184 2665 1338 2759 ἠνία
1384 2676 1490 2738 καὶ
1553 2671 1900 2759 ἔστρεφεν,
1961 2669 2231 2749 ἐκείνοις
2273 2671 2394 2755 μὲν
2436 2674 2563 2759 τῆς

406 2767 681 2859 ἀγνοίας
739 2780 1244 2857 συνεγίνωσκον,
1314 2772 1601 2858 ἐμαυτὸν
1668 2774 1739 2841 δὲ
1804 2767 2037 2863 ἠλέουν
2101 2766 2336 2858 ὅμοιον
2394 2768 2561 2839 ὅντα

405 2888 548 2953 τοῖς
605 2876 919 2960 μεγάλοις
970 2875 1234 2953 τούτοις
1276 2877 1628 2954 κολοσσοῖς
1672 2876 1855 2954 οἵους
1898 2866 1941 2963 ἢ
1990 2876 2267 2951 Φειδίας
2312 2865 2353 2963 ἢ
2400 2870 2563 2941 Μύ-

407 3001 542 3063 ρων
585 2966 627 3063 ἢ
672 2975 1088 3064 Πραξιτέλης
1132 2976 1493 3065 ἐποίησαν·
1549 2971 1867 3045 κακείνων
1911 2976 2034 3064 γὰρ
2079 2977 2165 3044 τὰ
2209 2976 2395 3055 εκτός
2436 2977 2563 3060 μὲν

408 3077 762 3145 Ποσειδῶν
806 3102 910 3155 τις
956 3067 998 3163 ἢ
1043 3078 1212 3156 Ζεύς
1267 3078 1409 3147 ἐστι
1455 3078 1793 3165 πάγκαλος
1838 3078 1909 3145 ἐκ
1944 3085 2217 3162 χρυσίου
2260 3081 2372 3144 καὶ
2419 3078 2565 3144 ἐλέ-

410 3204 664 3309 φαντος
725 3179 1268 3265 ξυνειργασμένος
1319 3181 1635 3265 κεραυνὸν
1679 3206 1717 3268 η
1776 3174 2207 3270 ἆστραπὴνη
2168 3170 2565 3270 ητρίαιναν

411 3282 574 3366 ε’χων
607 3307 674 3348 εν
704 3285 786 3369 τῇ
832 3281 1035 3370 δεξιᾷ,
1088 3272 1161 3369 ἢν
1209 3283 1279 3348 δὲ
1313 3279 1671 3368 ὑποκύψας
1712 3282 1861 3371 ιδῃς
1898 3282 1983 3349 τά
2026 3276 2090 3369 γ’
2144 3282 2349 3363 ἔνδον,
2396 3278 2567 3367 όψει

409 3382 694 3469 μοχλούς
748 3408 936 3461 τινας
991 3387 1102 3449 καὶ
1169 3383 1469 3472 γόμφους
1526 3386 1639 3450 καὶ
1699 3376 1897 3473 ἥλους
1961 3382 2271 3468 διαμπὰξ
2320 3384 2566 3450 διαπε-

413 3490 900 3574 περονημένους
967 3488 1075 3552 καὶ
1141 3485 1428 3571 κορμοὺς
1493 3488 1604 3552 καὶ
1668 3490 1928 3574 σφῆνας
1982 3489 2094 3553 καὶ
2152 3492 2397 3552 πίτταν
2451 3490 2568 3554 καὶ

413 3587 629 3678 πηλὸν
658 3590 770 3655 καὶ
801 3588 1056 3676 πολλήν
1082 3615 1234 3655 τινα
1263 3588 1577 3674 τοιαύτην
1609 3582 1954 3676 ἀμορφίαν
1996 3584 2564 3673 ὑποικουροῦσαν·

415 3690 500 3757 ἐῶ
534 3692 743 3776 λέγειν
787 3693 972 3772 μυῶν
1016 3693 1286 3779 πλῆθος
1333 3680 1399 3779 [ἢ
1429 3687 1761 3777 μυγαλῶν]
1811 3689 2411 3773 ἐμπολιτευόμενον
2444 3683 2565 3755 αὖ·
2584 3701 2682 3751 ’140

414 3806 558 3871 τοῖς
605 3792 833 3859 ἐνίοτε.
923 3791 1227 3859 τοιοῦτόν
1270 3819 1338 3859 τι
1383 3795 1492 3859 καὶ
1536 3794 1851 3877 βασιλεία
1897 3790 2096 3859 ἐστίν.

311 3901 387 3959 25
587 3900 689 3960 25.
736 3900 938 3959 ΜΙΚ.
1007 3888 1291 3961 Οὐδέπω
1345 3894 1621 3983 ἔφησθα
1666 3892 1783 3960 τὸν
1828 3893 2043 3982 πηλόν
2088 3896 2197 3960 καὶ
2242 3896 2397 3971 τοὺς
2439 3919 2569 3977 μο-

410 3990 607 4079 χλοὺς
650 3998 758 4062 καὶ
815 3995 1114 4082 γόμφους
1161 3996 1403 4073 οἵτινες
1446 4000 1565 4083 τῆς
1610 3990 1809 4085 ἀρχῆς
1854 3990 2009 4063 οὐδὲ
2050 3994 2168 4084 τὴν
2222 3990 2570 4082 ἀμορφίαν
