2750 4534
411 213 534 271 148
1299 213 1672 269 ΛΟΥΚΙΔΝΟΥ

412 377 613 472 αὐτὴν
669 379 792 470 ἤδη
860 382 980 471 τὴν
1041 383 1318 471 σελήνην
1385 383 1697 472 ἐγενόμην
1755 382 2084 467 πάμπολυ
2149 387 2283 448 τῶν
2338 386 2584 469 νεφῶν

413 479 854 567 ἀποσπάσας,
921 478 1236 573 ᾐσθόμην
1291 485 1658 569 κάμνοντος
1714 484 2032 568 ἐμαυτοῦ,
2100 485 2210 551 καὶ
2267 483 2584 567 μάλιστα
2606 502 2693 555 764

410 586 579 653 κατὰ
635 586 754 676 τὴν
812 581 1173 675 ἀριστερὰν
1227 592 1525 675 πτέρυγα
1580 586 1701 675 τὴν
1742 592 2045 674 γυπίνην.
2136 586 2587 670 προσελάσας

414 675 529 755 οῦν
570 692 679 756 καὶ
724 689 1171 773 καθεζόμενος
1215 682 1325 755 ἐπ’
1380 683 1582 776 αῦτῆς
1627 686 2127 776 διανεπαυόμην
2173 687 2241 765 ἐς
2282 692 2399 777 την
2446 693 2541 775 γῗ
2548 717 2585 753 ν

414 787 681 858 ανωθεν
726 786 1136 876 ἆποβλέπων
1179 793 1290 859 καὶ
1336 815 1568 877 ωσπερ
1613 788 1650 858 ὃ
1697 794 1815 858 τοῦ
1854 787 2140 877 Ὁμήρου
2184 790 2353 868 Ζεὺς
2396 788 2587 858 ἐκεῖ·

413 919 525 972 νος
572 889 726 981 άρτι
769 894 892 977 μὲν
947 891 1066 983 τὴν
1107 897 1242 961 τῶν
1289 893 1703 961 ἱπποπόλων
1752 896 2029 981 Θρῃκῶν
2072 892 2581 978 καθορώμενος,

416 992 569 1081 ἄρτι
625 996 696 1063 δὲ
738 995 858 1083 τὴν
903 999 1166 1063 Μυσῶν
1217 998 1328 1062 καὶ
1385 990 1533 1081 μετ’
1584 989 1840 1081 ὀλίγον,
1888 995 1947 1062 εἰ
1994 991 2208 1073 δόξειέ
2252 1021 2400 1079 μοι,
2450 996 2585 1085 τὴν

406 1095 717 1179 Ἑλλάδα,
777 1097 897 1185 τὴν
941 1099 1248 1183 Περσίδα
1299 1102 1411 1164 καὶ
1471 1096 1588 1186 τὴν
1623 1092 1916 1186 Ἰνδικήν.
1997 1096 2069 1176 ἐξ
2109 1092 2200 1163 ὦν
2246 1094 2585 1166 ἆπάντων

415 1204 728 1288 ποικίλης
769 1199 954 1279 τινὸς
997 1197 1242 1287 ἡδονῆς
1289 1200 1827 1289 ἐνεπιμπλάμην.
2410 1267 2416 1273 ,

589 1306 896 1370 ΕΤΑΙΡ.
995 1297 1248 1370 Οὐκοῦν
1291 1306 1404 1370 καὶ
1449 1313 1661 1369 ταῦτα
1707 1305 1925 1388 λέγοις
1970 1328 2069 1383 αν,
2114 1287 2169 1367 ῶ
2216 1308 2585 1383 Μένιππε,

415 1404 528 1470 ι’να
571 1404 738 1493 μηδὲ
782 1398 951 1472 καθ’
995 1406 1064 1471 ἓν
1097 1397 1648 1531 ἀπολειπώμεθα
1690 1407 1809 1491 τῆς
1855 1397 2259 1491 ἀποδημίας,
2308 1397 2460 1469 ἀλλ’
2520 1407 2593 1471 εἴ

415 1512 484 1573 τί
529 1530 639 1574 σοι
683 1510 792 1573 καὶ
840 1503 1001 1573 ὁδοῦ
1046 1506 1383 1593 πάρεργον
1430 1506 1799 1594 ιστόρηται,
1855 1508 1965 1573 καὶ
2010 1508 2207 1573 ’τοῦτο
2253 1506 2583 1589 ειδῶμεν·

416 1604 510 1687 ὥς
555 1609 756 1695 ἔγωγε
815 1604 933 1675 οὐκ
975 1603 1170 1694 ὀλίγα
1230 1608 1592 1692 προσδοκῶ
1638 1602 2053 1674 ἀκούσεσθαι
2112 1607 2453 1693 σχήματός
2510 1636 2586 1676 τε

418 1715 578 1796 πέρι
633 1715 749 1799 γῆς
805 1715 916 1777 καὶ
961 1714 1094 1777 τῶν
1153 1704 1265 1777 ἐπ’
1330 1704 1533 1799 αὐτῆς
1580 1706 1929 1790 ἁπάντων,
1990 1708 2101 1776 οἶά
2147 1734 2254 1776 σοι
2302 1705 2585 1778 ἄνωθεν

419 1809 905 1881 επισκοποῦντι
948 1819 1408 1901 κατεφαίνετο.

401 1924 404 1927 ’
590 1920 817 1981 ΜΕΝ.
909 1918 1042 1981 Καὶ
1099 1909 1330 1999 ορθῶς
1374 1940 1475 2001 γε,
1542 1900 1595 1979 ῶ
1652 1912 1901 1995 ἑταῖρε,
1961 1912 2267 1994 εἰκάζεις·
2327 1914 2585 2000 διόπερ

422 2014 510 2095 ὥς
554 2016 699 2084 οἶόν
742 2042 816 2083 τε
861 2010 1115 2101 ἀναβὰς
1171 2016 1286 2083 ἐπὶ
1332 2015 1453 2105 τὴν
1499 2016 1775 2105 σελήνην
1828 2019 1924 2102 τῷ
1970 2016 2144 2103 λόγῳ
2189 2018 2587 2103 συναποδή-
2608 2040 2689 2089 765

422 2144 536 2204 μει
577 2144 651 2185 τε
694 2122 806 2185 καὶ
853 2119 1335 2187 συνεπισκόπει
1380 2118 1499 2209 τὴν
1535 2113 1694 2208 όλην
1736 2122 1870 2186 τῶν
1916 2118 2030 2187 ἐπὶ
2074 2122 2193 2205 γῆς
2235 2118 2585 2187 διάθεσιν.

324 2218 399 2286 12'
429 2227 525 2289 12.
570 2224 682 2289 καὶ
728 2220 998 2309 πρῶτόν
1054 2226 1127 2308 γέ
1168 2246 1289 2305 μοι
1335 2221 1515 2287 πάνυ
1572 2218 1815 2309 μικράν
1861 2215 2041 2289 δόκει
2095 2219 2243 2287 τινὰ
2288 2220 2413 2306 τὴν
2460 2226 2588 2309 γῆν

423 2320 620 2409 όρᾶν,
695 2320 868 2389 πολύ
937 2324 1103 2409 λέγω
1171 2326 1292 2409 τῆς
1360 2322 1636 2409 σελήνης
1697 2327 2134 2408 βραχυτέραν,
2208 2314 2384 2388 ὥστε
2452 2322 2575 2408 ἓγιί

426 2420 620 2513 ἄφνω
665 2424 1060 2511 κατακύψας
1100 2424 1217 2493 ἐπὶ
1246 2423 1421 2491 πολὺ
1454 2418 1752 2513 ἠπόρουν
1799 2428 1935 2491 ποῦ
1965 2424 2068 2512 ε’ίη
2099 2422 2182 2490 τὰ
2213 2426 2587 2511 τηλικαῦτα

425 2522 546 2615 ὅρη
591 2530 702 2594 καὶ
735 2523 773 2613 ἦ
809 2526 1098 2616 τοσαύτη
1149 2526 1489 2593 θάλαττα·
1536 2528 1646 2593 καὶ
1693 2526 1761 2593 εἴ
1783 2550 1859 2612 γε
1901 2524 1989 2611 μὴ
2038 2525 2153 2591 τὸν
2177 2522 2424 2594 Ῥόδιον
2471 2553 2589 2594 κο-

427 2629 672 2697 λοσσὸν
719 2629 1108 2718 ἐθεασάμην
1149 2632 1260 2696 καὶ
1307 2628 1425 2696 τὸν
1459 2630 1567 2696 ἐπὶ
1605 2632 1689 2717 τῇ
1724 2628 1933 2715 Φάρῳ
1979 2627 2249 2714 πύργον,
2298 2616 2368 2695 εῦ
2402 2630 2587 2717 ἰ’σθι,

426 2733 773 2809 παντελῶς
819 2727 899 2797 ἰίν
941 2756 1025 2815 με
1053 2727 1091 2820 ἡ
1123 2735 1207 2821 γῆ
1252 2732 1552 2798 διέλαθε.
1640 2734 1754 2799 νῦν
1788 2731 1859 2797 δὲ
1888 2738 2098 2796 ταῦτα
2142 2726 2372 2818 ὑψηλὰ
2416 2727 2589 2799 ὄντα

425 2836 535 2900 καὶ
582 2830 1166 2921 ὑπερανεστηκότα
1209 2835 1319 2900 καὶ
1353 2830 1389 2899 o‘
1416 2827 1723 2910 Ὠκεανὸς
1766 2826 1980 2920 ἦρέμα
2024 2832 2199 2915 πρὸς
2240 2832 2359 2899 τὸν
2387 2826 2589 2924 ἥλιον

425 2932 853 3018 ὑποστίλβων
898 2934 1285 3023 διεσήμαινέ
1327 2960 1448 3019 μοι
1490 2938 1611 3023 γῆν
1656 2931 1828 3003 εἶναι
1874 2934 1950 3000 τὸ
2000 2929 2352 3019 ὁρώμενον.
2427 2936 2585 3005 ἐπεὶ

429 3036 501 3101 δὲ
548 3028 736 3113 ἅπαξ
775 3033 893 3120 τὴν
937 3030 1104 3121 ὄψιν
1149 3035 1217 3114 ἐς
1261 3062 1325 3103 τι
1359 3030 1585 3115 ἀτενὲς
1629 3034 2115 3124 ἀπηρεισάμην,
2164 3032 2347 3116 άπας
2378 3034 2412 3105 ὃ
2445 3044 2588 3104 τῶν

431 3131 818 3222 ἀνθρώπων
873 3143 1022 3221 βίος
1065 3132 1190 3227 ἤδη
1235 3163 1353 3220 μοι
1398 3144 1857 3226 κατεφαίνετο,
1909 3130 1984 3204 οὗ
2028 3137 2197 3204 κατὰ
2244 3138 2409 3227 ἔθνη
2454 3142 2587 3225 μό-

430 3265 542 3307 νον
597 3241 709 3306 καὶ
767 3237 1034 3317 πόλεις,
1097 3236 1262 3306 ἀλλὰ
1322 3242 1437 3305 καὶ
1486 3233 1678 3306 αὐτοὶ
1724 3243 1961 3327 σαφῶς
2019 3240 2085 3305 οἱ
2130 3242 2468 3321 πλέοντες,
2518 3246 2587 3311 οἱ

429 3343 908 3425 πολεμοῦντες,
985 3342 1052 3409 οἱ
1114 3345 1588 3428 γεωργοῦντες,
1657 3342 1723 3408 οἱ
1792 3341 2243 3426 δικαζόμενοι,
2318 3343 2402 3410 τὰ
2466 3346 2587 3431 γύ-
2610 3365 2694 3414 766

429 3471 618 3527 ναια,
663 3442 747 3510 τὰ
793 3449 1040 3532 θηρία,
1085 3446 1197 3510 καὶ
1242 3436 1469 3509 πάνθ’
1523 3440 1757 3521 ἅπλῶς
1801 3440 2030 3554 ὁπόσα
2072 3449 2307 3533 τρέφει
2352 3446 2589 3525 ζείδω-

430 3573 545 3633 ρος
590 3542 860 3632 άρουρα.

603 3653 907 3715 ΕΤΑΙΡ.
995 3650 1358 3727 Παντελῶς
1406 3641 1723 3715 ἀπίθανα
1767 3647 1900 3738 φὴς
1942 3652 2155 3715 ταῦτα
2197 3652 2307 3715 καὶ
2354 3646 2591 3731 αὑτοῖς

429 3744 828 3819 ὑπεναντία·
887 3749 963 3829 ὃς
1004 3750 1129 3837 γὰρ
1177 3742 1453 3836 ἆρτίως,
1500 3777 1552 3815 ω
1600 3756 1964 3831 Μένιππε,
2010 3749 2131 3839 τὴν
2172 3754 2291 3838 γῆν
2335 3746 2591 3841 ἐζητεις

430 3850 564 3921 ὑπὸ
635 3856 752 3920 τοῦ
809 3850 1055 3937 μεταξὺ
1116 3852 1570 3939 διαστήματος
1636 3852 1703 3931 ἐς
1758 3851 1965 3938 βραχύ
2036 3855 2585 3969 συνεσταλμένην,

429 3957 541 4022 καὶ
589 3954 653 4021 εἴ
687 3980 777 4040 γε
819 3952 908 4041 μὴ·
957 3950 992 4021 ὃ
1039 3954 1362 4033 κολοσσὸς
1419 3953 1700 4040 ἐμήνυσέ
1745 3978 1882 4035 σοι,
1941 3952 2111 4035 τάχα
2171 3980 2251 4020 αν
2294 3949 2459 4025 αλλο
2521 3988 2588 4030 τι
