2750 4534
1103 242 1375 296 ΕΡΩΤΕΣ.
2276 239 2313 298 3

387 405 1204 437 ''''''''

167 501 236 580 αἱ
281 515 405 597 μὲν
462 513 614 598 ε’μαὶ
675 514 1012 602 διηγήσεις
1068 513 1140 592 ἐξ
1193 513 1487 581 ἑωθινου
1547 518 2060 596 παραταθεῖσαι
2116 514 2314 598 κόρον

164 617 456 698 ἔχουσιν,
513 613 552 705 ἡ
602 617 674 683 δὲ
734 615 818 705 σὴ
864 619 1117 683 Μοῦσα
1176 619 1295 704 τῆς
1355 616 1689 702 συνήθους
1742 620 2311 706 μεθαρμοσαμένη

165 720 466 805 σπουδῆς
514 720 762 803 ἱλαρῶς
803 723 900 805 τῷ
928 722 1080 804 θεῷ
1125 717 1769 806 συνδιημερευσάτω,
1816 725 1929 784 καί
1970 744 2088 802 μοι
2121 723 2314 805 γενοῦ

164 821 481 907 δικαστὴς
523 821 704 902 ἰ’σος,
763 818 914 887 ἐπεὶ
958 814 1114 908 μηδ>
1180 819 1274 899 εἰς
1322 819 1544 907 ἕτερόν
1604 844 1679 886 σε
1721 823 1840 886 τοῦ
1884 821 2160 898 πάθους
2204 824 2312 910 ῥέ-

69 937 383 990 maome
442 919 611 1007 ὃρῶ,
670 927 998 1007 ποτέρους
1055 915 1415 1006 ἀμείνονας
1469 917 1623 1010 ἡγῇ,
1681 920 1837 999 τοὺς
1894 921 2312 1010 φιλόπαιδας

159 1015 198 1109 ἢ
250 1023 412 1102 τοὺς
466 1030 764 1109 γυναίοις
823 1017 1328 1108 ἆσμενίζοντας·
1400 1023 1523 1109 ἐγώ
1583 1025 1704 1107 μὲν
1759 1023 1885 1110 γὰρ
1943 1021 1977 1090 ὅ
2037 1026 2313 1112 πληγεὶς

164 1125 454 1214 ἑκατέρῳ
510 1125 828 1212 καθάπερ
895 1120 1169 1215 ἀκριβὴς
1224 1126 1507 1214 τρυτάνη
1574 1139 1727 1203 ταῖς
1782 1120 1896 1192 ἐπ’
1962 1121 2313 1245 ἆμφότερα

161 1230 560 1317 πλάστιγξιν
608 1229 991 1315 ἰσορρόπως
1034 1229 1541 1313 ταλαντεύομαι,
1589 1227 1669 1294 σὺ
1702 1227 1767 1294 δ’
1806 1227 1991 1306 ἐκτὸς
2035 1221 2125 1296 ὠν
2160 1225 2311 1298 ἆδε-

160 1334 382 1418 κάστῳ
441 1335 631 1419 κριτῇ
675 1334 772 1417 τῷ
819 1333 1115 1417 λογισμῳ
1169 1328 1243 1396 τὸ
1291 1331 1556 1415 βέλτιον
1605 1330 1866 1418 αἱρήσῃ.
1955 1332 2183 1399 πάντα
2228 1331 2305 1419 δὴ

157 1433 493 1520 περιελών
540 1429 887 1517 ἆκκισμόν,
949 1459 1000 1498 ω
1049 1433 1362 1520 φιλότης,
1420 1430 1499 1519 ἣν
1545 1439 1951 1500 πεπίστευκε
2010 1457 2121 1501 σοι
2174 1441 2311 1523 ψῆ-

158 1563 284 1624 φον
329 1533 372 1622 ἦ
423 1538 581 1620 περὶ
627 1539 757 1603 τῶν
803 1535 978 1620 ἒμων
1023 1535 1288 1622 ἐρώτων
1331 1541 1566 1620 κρίσις,
1612 1531 1735 1623 ἤδη
1785 1537 1967 1663 φέρε.

327 1647 386 1705 5.
435 1643 658 1704 ΛΥΚ.
749 1638 1076 1718 Παιδιᾶς,
1136 1663 1188 1702 ω
1241 1637 1656 1726 Θεόμνηστε,
1701 1641 1810 1704 καὶ
1857 1640 2143 1725 γέλωτος
2183 1635 2306 1729 ἡγῇ
2341 1645 2377 1699 5

156 1741 270 1827 τὴν
321 1741 646 1828 διήγησιν,
696 1736 734 1828 ἡ
785 1733 847 1805 δ’
905 1739 1382 1825 ἐπαγγέλλεταί
1426 1766 1492 1806 τι
1537 1742 1647 1805 καὶ
1696 1741 2089 1808 σπουδαῖον.
2178 1740 2303 1828 ἐγώ

157 1847 309 1929 γοῦν
359 1842 435 1920 εξ
474 1840 772 1928 ὑπογύου
803 1846 920 1926 τῆς
966 1841 1443 1931 επιχειρήσεως
1486 1838 1767 1930 ἡψάμην
1811 1843 1928 1928 (†),
1963 1842 2243 1923 εἰδώς”
2202 1871 2310 1912 οτι

161 1949 304 2012 λίαν
339 1945 704 2025 σπουδαία,
753 1943 824 2021 ἐξ
867 1943 1024 2010 ὅτου
1072 1944 1255 2010 δυοῖν
1302 1937 1571 2028 ἆνδροῑν
1618 1938 1912 2032 ἆκηκοιὸς
1955 1948 2113 2031 περὶ
2158 1947 2310 2012 τού-

160 2074 297 2114 τοιν
347 2046 683 2125 συντόνως
730 2042 1217 2130 ἆμιλλωμένοιν
1265 2046 1363 2113 ἔτι
1400 2045 1519 2135 τὴν
1550 2047 1811 2136 μνήμην
1857 2047 2129 2114 ἔναυλον
2162 2049 2309 2132 ἔχω.

163 2149 437 2238 διῄρητο
484 2143 546 2215 δ’
587 2143 808 2215 αὐτῶν
844 2140 981 2232 ῧμα
1011 2162 1155 2227 τοῖς
1187 2148 1410 2234 λόγοις
1438 2149 1521 2214 τὰ
1554 2149 1773 2236 πάθη,
1809 2144 1924 2233 οὐχ
1954 2144 2181 2234 ὥσπερ
2229 2150 2309 2218 σύ

160 2244 302 2316 κατ’
343 2245 649 2318 εὐκολίαν
695 2253 908 2338 ψυχῆς
955 2245 1211 2328 ἄϋπνος
1255 2239 1348 2315 ὢν
1387 2249 1648 2329 διττούς
1695 2247 1975 2338 ἄρνυσαι
2017 2252 2312 2335 μισθούς

281 2352 404 2420 τὸν
449 2353 569 2437 μὲν
611 2355 1003 2437 βουκολέων,
1049 2351 1165 2419 τὸν
1212 2345 1277 2418 δ’
1331 2347 1596 2440 άργυφα
1636 2356 1818 2442 μῆλα
1862 2354 2175 2438 νομεύων,

79 2471 149 2520 403
166 2449 307 2521 (ἰελλ>
363 2452 400 2522 o‘
433 2454 551 2539 μὲν
582 2450 944 2543 ὑπερφυῶς
989 2454 1331 2532 παιδικοῖς
1361 2448 1558 2542 η’δετο
1603 2455 1721 2542 τὴν
1752 2455 2037 2582 θηλειαν
2058 2451 2311 2580 Ἀφρο-

167 2559 343 2647 δίτην
391 2557 745 2643 βάραθρον
801 2553 1189 2646 ηγούμενος,
1250 2553 1284 2623 ὅ
1347 2552 1410 2623 δ’
1464 2553 1753 2644 ἆγνεύων
1812 2557 2058 2645 ε’ρωτος
2116 2555 2308 2645 άρρε-

165 2685 270 2738 νος
336 2660 406 2738 ἐς
470 2673 781 2746 γυναῖκας
847 2659 1158 2747 ἐπτόητο.
1272 2660 1456 2726 δυοῖν
1524 2685 1638 2725 ουν
1703 2665 2105 2744 μαχομένοιν
2171 2687 2309 2726 πα-

167 2767 317 2829 θοῖν
366 2756 882 2849 αγωνοθετήσας
930 2754 1215 2845 άμιλλαν
1261 2754 1407 2826 οὐδ’
1461 2788 1540 2826 αν
1588 2761 1803 2828 εἰπεῖν
1851 2762 2172 2849 δυναίμην
2218 2759 2309 2841 ὠς

168 2859 755 2986 ὖπερευφράνθην·
811 2869 924 2928 καί
968 2888 1085 2946 μοι
1127 2863 1211 2928 τὰ
1257 2866 1390 2928 τῶν
1437 2862 1711 2949 λόγων’
1697 2863 1836 2952 ι’χνη
1885 2877 2032 2942 ταῖς
2076 2857 2310 2942 ἀκοαῖς

167 2965 680 3054 ἐνεσφράγισται
739 2963 970 3048 σχεδὸν
1029 2962 1119 3042 ὥς
1177 2960 1425 3049 ἆρτίως
1483 2964 1814 3053 ειρημένα.
1904 2971 2133 3033 πᾶσαν
2195 2965 2310 3034 οὖν

164 3063 630 3156 ὗποτιμήσεως
676 3061 987 3154 ἀφορμὴν
1032 3065 1335 3134 εκποδών
1383 3061 1813 3151 ἀποθέμενος
1869 3066 1910 3134 ἃ
1942 3063 2127 3153 ,παρ’
2181 3095 2309 3153 αμ-

166 3183 314 3254 φοῖν
358 3166 614 3257 ἤκουσα
660 3169 995 3254 λεγόντοιν
1038 3163 1186 3235 κατ’
1241 3162 1506 3254 ἀκριβὲς
1551 3169 1857 3253 ἒπέξειμί
1902 3193 2030 3237 σοι.

331 3275 689 3339 ΘΕΟΜΝ.
781 3274 918 3338 Καὶ
960 3270 1089 3360 μὴν
1135 3271 1339 3357 ἔγωγε
1398 3270 1783 3349 ἐπαναστὰς
1829 3271 2023 3338 ἔνθεν
2067 3298 2308 3339 καταν-

166 3375 342 3461 τικρὺ
390 3374 812 3458 καθεδοῦμαί
857 3397 995 3455 σου,

461 3477 770 3563 δέγμενος
813 3475 1151 3564 Αἰακίδην
1199 3473 1411 3542 ὁπότε
1459 3474 1710 3560 λήξειεν
1757 3469 2018 3541 άείδων.

169 3577 241 3643 σὺ
289 3573 354 3645 δ’
407 3575 564 3664 ἡμῖν
609 3577 694 3644 τὰ
741 3573 961 3644 πάλαι
1004 3579 1160 3643 κλέα
1204 3581 1322 3663 τῆς
1358 3577 1670 3665 ἐρωτικῆς
1717 3577 2048 3663 διαφορᾶς
2090 3577 2308 3661 μελῳ-

170 3679 274 3768 δίᾳ
311 3686 608 3766 πέραινε.

331 3787 389 3850 6.
435 3788 658 3848 ΛΥΚ.
728 3775 873 3848 Ἐπ’
903 3774 1190 3849 Ἰταλίαν
1234 3806 1352 3864 μοι
1383 3783 1578 3846 πλεῖν
1614 3780 2062 3864 διανοουμένῳ
2108 3805 2303 3862 ταχυ-
2340 3792 2376 3848 6

63 3940 126 3974 ο,
171 3887 439 3952 ναυτοῦν
502 3884 758 3972 σκάφος
816 3877 1210 3970 εὐτρέπιστο
1278 3882 1530 3949 τούτων
1596 3885 1727 3948 τῶν
1792 3882 2141 3968 δικρότων,
2208 3881 2309 3960 οἷς

175 3986 457 4070 μάλιστα
508 3993 765 4074 χαίρειν
808 3989 1145 4072 Λιβυρνοὶ
1205 3985 1513 4052 δοκοῦσιν
1573 3983 1774 4062 ἔθνος
1809 3977 2019 4070 Ἰονίῳ
2077 3983 2307 4069 κόλπῳ

1932 4089 2006 4138 1*
