2750 4534
979 294 1142 347 ΖΕΥΣ
1175 293 1545 347 ΤΡΑΓΩιΔΟΣ.
2225 294 2257 350 1
2268 294 2343 352 17

185 464 347 541 θεν,
393 459 469 539 ὃς
516 461 851 545 δαιμόνων
885 455 1153 540 ούδενός
1199 462 1525 552 φείδεται,
1574 455 1720 528 ἀλλ’
1774 460 1846 539 ἐξ
1873 459 2130 550 ἁμάξης
2172 488 2349 549 παρ-

184 562 587 649 ρησιάζεται
629 566 740 630 καὶ

441 658 741 750 μάρπτει
784 663 1014 787 ἑξείης,
1061 658 1135 744 ός
1177 659 1246 731 τ’
1298 665 1517 744 α’ίτιος
1561 659 1636 743 ός
1678 691 1751 731 τε
1793 668 1903 732 καὶ
1949 659 2114 733 ούκί.

368 768 624 832 MQM.
682 770 820 833 Καὶ
863 766 994 856 μὴν
1035 761 1300 854 ὀλίγους
1346 795 1459 850 αν,
1512 795 1565 834 ω
1613 771 1761 850 Ζεῦ,
1806 766 1960 845 τοὺς
2005 761 2348 845 ἆναιτίους

181 860 486 954 εῦροις’
463 893 532 935 εν
576 864 763 956 ἡμῖν·
818 876 931 937 καί
975 896 1108 937 που
1153 870 1325 953 τάχα
1370 868 1630 957 προϊών
1674 867 1709 937 5
1761 865 2128 955 ἅνθρωπος
2173 861 2346 955 αψε-

181 995 311 1036 ται
359 973 472 1036 καὶ
515 974 647 1037 τῶν
692 978 1078 1060 κορυφαίων
1121 972 1325 1051 τινός.

73 1082 161 1133 693
371 1080 472 1137 45.
529 1079 723 1139 ΤΙΜ.
801 1068 974 1141 Οὐδὲ
1026 1078 1438 1161 βροντῶντος
1500 1069 1630 1160 ἄρα
1686 1078 1805 1141 τοῦ
1847 1072 2018 1150 Διὸς
2068 1066 2347 1153 ἀκούεις,
2372 1082 2447 1137 45

183 1200 240 1238 ω
295 1173 601 1258 θεομάχε
641 1179 869 1259 Δᾶμις

367 1279 615 1342 ΛΑΜ.
683 1281 821 1345 Καὶ
867 1280 1014 1355 πῶς
1057 1270 1133 1344 ού
1192 1278 1413 1361 μέλλω
1454 1280 1734 1365 βροντῆς
1779 1270 2072 1357 ακούειν,
2126 1303 2181 1341 ω
2233 1284 2350 1343 Τι-

183 1376 502 1461 μόκλειςς
545 1377 607 1444 εἰ
651 1372 716 1443 δ’
769 1374 803 1446 5
836 1378 1006 1457 Ζεὺς
1049 1374 1085 1445 5
1129 1382 1429 1465 βροντῶν
1476 1378 1635 1459 ἐστι,
1684 1378 1761 1445 σὺ
1808 1373 2080 1462 ἄμεινον
2127 1367 2207 1443 ὃν
2252 1376 2349 1444 εἰ·

187 1480 382 1566 δείης
426 1478 686 1547 ἐκεῖθέν
731 1485 954 1548 ποθεν
997 1479 1186 1567 παρὰ
1230 1484 1366 1549 τῶν
1412 1484 1593 1548 θεῶν
1638 1473 2029 1568 ἀφιγμένος·
2084 1478 2233 1546 ἐπεὶ
2279 1479 2353 1547 οἵ

181 1606 262 1667 γε
316 1581 384 1647 ἐκ
431 1580 692 1671 Κρήτης
745 1575 1014 1669 ἥκοντες
1070 1577 1239 1649 ἄλλα
1284 1578 1519 1671 ἡμῖνῦν
1565 1582 1887 1671 διηγοται,
1934 1581 2152 1670 τάφον
2194 1581 2345 1648 τινὰ

184 1689 384 1751 κεῖθι
431 1684 825 1751 δείκνυσθαι
865 1687 978 1751 καὶ
1023 1683 1266 1773 στήλην
1311 1683 1680 1773 ἐφεστάναι
1724 1685 2053 1774 δηλοῦσαν
2099 1680 2191 1761 ὥς
2236 1680 2349 1749 ού-

185 1792 338 1853 κέτι
378 1785 802 1876 βροντήσειεν
849 1814 929 1853 αν
973 1784 1009 1853 5
1057 1786 1227 1865 Ζεὺς
1271 1788 1490 1855 πάλαι
1530 1787 1843 1866 τεθνεώς.

371 1891 624 1955 ΜΩΜ.
694 1883 897 1955 Τοῦτ’
964 1887 1087 1976 εγώ
1133 1888 1266 1975 πρὸ
1329 1891 1586 1957 πολλοῦ
1641 1884 2027 1978 ἠπιστάμην
2071 1881 2346 1973 εροῦντα

187 1991 316 2058 τὸν
386 1986 776 2077 άνθρωπον.
865 1998 934 2059 τί
990 1985 1054 2057 δ’
1123 1976 1257 2073 οῦν,
1319 2016 1370 2057 ω
1431 1996 1582 2072 Ζεῦ,
1638 1988 1968 2077 ὠχρίακας
2023 1987 2178 2079 ἡμῖν
2232 1993 2353 2057 καὶ

189 2107 578 2219 συγκροτεῖς
631 2092 788 2171 τοίς
844 2087 1124 2171 ὀδόντας
1184 2089 1316 2161 ὖπό
1381 2098 1499 2161 τοῦ
1549 2090 1836 2180 τρόμους
1891 2099 2171 2178 θαρρεῖν
2222 2092 2341 2178 χρὴ

107 2234 114 2238 ·
187 2198 309 2262 καὶ
352 2198 487 2260 τῶν
531 2194 855 2263 τοιούτων
903 2192 1403 2315 ἀνθρωπίσκων
1447 2210 1910 2285 καταφρονεῖν.

371 2302 620 2365 ΖΕΥΣ.
687 2304 771 2365 Τί
815 2300 1052 2384 λέγεις,
1107 2324 1160 2364 ω
1206 2302 1465 2383 Μῶμε,·
1507 2310 1984 2403 καταφρονεῖν,
2028 2324 2139 2379 ουχ
2184 2293 2347 2385 ὁρᾷς

189 2399 352 2466 ὅσοι
384 2392 700 2468 ἀκούουσι
727 2402 837 2467 καὶ
872 2395 962 2478 ὥς
1007 2399 1579 2484 ξυμπεπεισμένοι
1607 2400 1777 2467 εἰσὶν
1806 2395 1928 2521 ἤδη
1958 2394 2123 2465 καθ’
2160 2394 2344 2487 ἡμῶν

188 2503 308 2567 καὶ
356 2494 608 2585 ἀπάγει
653 2494 892 2579 αὖτοὺς
938 2494 1542 2623 ἀναδησάμενος
1482 2505 1614 2569 τῶν
1661 2497 1846 2567 ὤτων
1891 2495 1927 2567 5
1972 2504 2233 2582 Δᾶμις,-

370 2604 622 2670 ΜΩΜ.
683 2596 891 2668 Ἀλλὰ
939 2625 1055 2683 συ,
1105 2629 1157 2668 ω
1199 2606 1362 2686 Ζεῦ,
1409 2602 1669 2670 οπόταν
1714 2600 2071 2689 ἐθελήσῃς,
2118 2599 2343 2689 σειρὴν

183 2711 502 2791 χρυσείην
548 2706 784 2781 καθεὶς
830 2696 1137 2782 άιταντας
1178 2703 1420 2783 αὐτοὺς

509 2799 670 2893 αὐτῇ
714 2831 824 2872 κεν
865 2812 1021 2893 γαίη
1068 2806 1335 2893 ἐρύσαις
1383 2800 1548 2894 αὐτῇ
1586 2830 1657 2872 τε
1698 2804 2038 2891 θαλάσση.

373 2912 474 2973 46.
515 2912 710 2973 ΤΙΜ.
745 2906 920 2973 Εἰπέ
938 2933 1076 2991 μοι,
1111 2935 1164 2972 ω
1195 2909 1544 2994 κατάρατε,
1577 2909 1955 2985 πέπλευκας
1985 2902 2106 2995 ήδη
2140 2910 2343 2988 ποτέ,·
2370 2912 2445 2967 46

367 3012 614 3075 ΔΑΜ.
661 3012 798 3075 Καὶ
842 3009 1183 3090 πολλάκις,
1229 3038 1282 3075 ω
1338 3010 1705 3094 Τιμόκλεις.

380 3117 577 3178 ΤΙΜ.
648 3104 898 3178 Οὐκοῦν
957 3111 1154 3197 ἔφερε
1194 3112 1314 3195 μὲν
1359 3109 1530 3195 ὑμᾶς
1573 3111 1726 3179 τότε
1770 3106 1805 3177 5
1854 3106 2096 3194 ἄνεμος
2142 3108 2341 3193 ἐμπί-

93 3226 174 3275 οᾩ4
193 3238 389 3280 πτων
419 3217 501 3299 τῇ
535 3206 749 3300 ὀθόνῃ
793 3216 904 3279 καὶ
951 3208 1297 3297 ἐμπιπλὰς
1339 3212 1422 3279 τὰ
1471 3209 1711 3281 ἀκάτια
1754 3202 1795 3300 ἢ
1840 3213 1904 3280 οἱ
1952 3211 2340 3298 ἐρέττοντες,

197 3314 514 3399 ἐκυβέρνα
559 3314 629 3382 δὲ
677 3314 772 3392 εἶς
813 3340 918 3393 τις
962 3309 1257 3403 ἐφεστώς
1298 3318 1411 3383 καὶ
1455 3314 1658 3396 ἔσωζε
1700 3314 1819 3401 τὴν
1864 3317 2046 3381 ναῦν.

369 3420 612 3483 ΔΑΜ.
662 3420 796 3484 Καὶ
840 3416 1044 3501 μάλα.

379 3525 570 3585 ΤΙΜ.
615 3515 852 3607 Εἶταὴ
887 3522 1044 3597 ναῦς
1071 3520 1192 3603 μὲν
1223 3513 1339 3586 ούκ
1376 3510 1455 3586 ἂν
1502 3519 1691 3587 ἔπλει
1733 3515 1821 3607 μὴ
1867 3519 2340 3602 κυβερνωμένη,

197 3618 272 3687 τὸ
345 3622 417 3687 δὲ
483 3614 638 3688 όλον
704 3624 900 3688 τοῦτο
967 3613 1403 3708 ἀκυβέρνητον
1465 3620 1597 3688 οἴει
1648 3622 1759 3686 καὶ
1825 3612 2339 3706 ἀνηγεμόνευτον

200 3728 576 3812 φέρεσθαι,

370 3829 619 3891 ΖΕΥΣ.
668 3810 787 3912 [Εῦ
815 3824 933 3913 γε,]
969 3848 1254 3901 συνετως
1282 3827 1494 3889 ταῦτα
1524 3819 1559 3890 5
1596 3824 1923 3909 Τιμοκλῆς
1952 3824 2063 3887 καὶ
2096 3820 2340 3906 ἰσχυρῷ

196 3930 294 4013 τῷ
339 3927 853 4014 παραδείγματι.

371 4035 474 4095 47.
517 4032 762 4093 ΔΑΜ.
804 4020 1014 4108 Ἀλλ’,
1047 4052 1099 4093 ω
1131 4028 1624 4113 θεοφιλέστατε
1661 4025 2031 4111 Τιμόκλεις,
2076 4022 2193 4092 τὸν
2220 4022 2337 4106 μὲν
2371 4026 2439 4082 47
