2750 4534
406 250 438 306 1
449 250 528 306 14
1295 249 1664 305 ΛΟΥΚΙΑΝΟΥ

572 423 817 486 ΔΑΜ.
863 421 1000 486 Καὶ
1044 419 1245 504 μάλα.

584 527 777 587 ΤΙΜ.
862 514 1114 588 Οὐκοῦν
1183 520 1409 607 ἐκείνῳ
1469 518 1799 608 ἐπείσθην
1858 518 1975 609 τὴν
2035 523 2365 607 πρόνοιαν
2418 524 2567 585 τῶν

406 626 588 689 θεῶν
619 622 1087 709 ἐμφανίζοντι.

575 730 820 791 AAM.
889 718 1103 806 Ἀλλ’,
1180 710 1234 788 ὦ
1301 723 1682 809 θαυμάσιε,
1749 723 2037 813 ποιητὴν
2100 725 2221 808 μὲν
2290 718 2564 810 ἆγαθόν

389 821 683 914 Ὅμηρον
744 830 1146 912 γεγενῆσθαι
1202 826 1450 905 πάντες
1508 848 1619 893 σοι
1684 825 2314 914 ξυνομολογήσουσι,
2376 827 2565 911 μάρ-

407 954 568 1015 τυρα
623 928 694 994 δὲ
741 922 966 1015 ἀληθῆ
1012 930 1170 1013 περὶ
1209 931 1342 995 τῶν
1383 927 1706 995 τοιούτων
1750 923 1901 994 ούτε
1946 926 2190 995 ἐκεῖνον
2235 922 2389 994 ου’τε
2432 922 2563 993 ἅλ-

407 1033 520 1098 λον
567 1028 854 1117 ποιητὴν
901 1024 1166 1097 οὐδένα·
1228 1023 1303 1096 οὗ
1354 1028 1481 1115 γὰρ
1528 1024 1855 1117 ἀληθείας
1897 1031 2085 1112 μέλει
2132 1022 2389 1110 αὐτοῖς,
2446 1025 2561 1095 οἶ-

405 1159 560 1215 μαι,
608 1125 778 1198 ἀλλὰ
823 1134 942 1199 τοῦ
985 1134 1204 1220 κηλεῖν
1247 1130 1405 1209 τοὺς
1451 1125 1832 1213 ἀκούοντας,
1876 1134 1989 1199 καὶ
2036 1130 2147 1199 διὰ
2190 1135 2387 1197 τοῦτο
2430 1136 2557 1215 μέ-

407 1258 591 1320 τροις
619 1259 693 1301 τε
722 1233 1086 1323 κατᾴδουσι
1115 1237 1225 1303 καὶ
1254 1234 1507 1318 μύθοις
1536 1238 1882 1316 κατέχουσι
1910 1236 2023 1301 καὶ
2065 1227 2239 1312 όλως
2284 1226 2559 1300 ἅπαντα

301 1348 380 1403 40
411 1331 580 1456 ὑπὲρ
636 1338 754 1402 τοῦ
810 1340 1100 1422 τερπνοῦ
1155 1339 1600 1424 μηχανῶνται.
1688 1343 1790 1402 40.
1847 1329 2015 1421 ἆτὰρ
2058 1326 2359 1423 ἡδέως
2316 1364 2395 1404 αν
2438 1362 2555 1402 και

310 3796 380 3849 41

406 1432 799 1521 ακούσαιμι,
860 1436 1110 1505 οἷστισι
1153 1436 1450 1521 μάλιστα
1494 1434 1826 1524 ἐπείσθης
1868 1440 1999 1503 τῶν
2038 1433 2355 1524 Ὁμήρου·
2419 1423 2559 1522 ἆρα

408 1539 508 1618 οἷς
559 1542 718 1626 περὶ
773 1543 893 1606 τοῦ
937 1537 1106 1617 Διὸς
1153 1541 1355 1626 λέγει,
1415 1564 1507 1617 ως
1566 1538 2003 1623 ἐπεβούλευον
2062 1538 2376 1625 ξυνδῆσαι
2432 1566 2557 1605 αυ-

406 1643 522 1711 τὸν
577 1639 615 1732 ἡ
674 1642 975 1731 θυγάτηρ
1027 1644 1140 1709 καὶ
1199 1638 1233 1710 o‘
1297 1636 1589 1729 ἆδελφὸς
1644 1645 1756 1709 καὶ
1811 1638 1849 1728 ἡ
1908 1642 2101 1730 γυνή,·
2165 1644 2279 1708 καὶ
2336 1642 2402 1709 εἴ
2460 1642 2553 1727 μὴ

407 1744 523 1812 τὸν
569 1744 912 1829 Βριάρεων
957 1740 995 1831 ἡ
1047 1749 1244 1822 Θέτις
1301 1744 1603 1811 ἐκάλεσεν
1660 1739 1752 1822 ὥς
1810 1744 2106 1831 νοήσασα
2146 1742 2223 1811 τὸ
2286 1744 2557 1829 γινόμε-

412 1871 553 1926 νον,
601 1843 976 1933 ἐπεπέδητο
1025 1836 1105 1911 ὃν
1150 1842 1300 1934 ἡμῖν
1345 1841 1382 1912 ὃ
1429 1847 1775 1929 βέλτιστος
1816 1844 1985 1923 Ζεὺς
2031 1845 2557 1930 ξυναρπασθείς.

411 1939 574 2012 ἄνθ’
640 1939 729 2013 ὧν
785 1948 894 2012 καὶ
957 1940 1525 2035 ἀπομνημονεύων
1580 1950 1662 2034 τῇ
1712 1945 1945 2013 Θέτιδι
1994 1944 2114 2033 τὴν
2172 1938 2557 2031 εὐεργεσίαν
2576 1960 2672 2011 687

412 2048 716 2135 ἐξαπατᾷ
758 2046 876 2115 τὸν
898 2041 1358 2135 Ἀγαμέμνονα
1389 2044 1647 2135 ὄνειρόν
1690 2074 1841 2116 τινα
1870 2050 2089 2137 ψευδῆ
2134 2047 2559 2133 ἐπιπέμψας,

411 2174 502 2227 ως
547 2151 791 2217 πολλοὶ
836 2153 969 2215 τῶν
997 2145 1288 2270 Ἀχαιῶν
1337 2144 1776 2218 ἀποθάνοιεν.
1826 2145 2019 2239 ὁρᾷς,
2062 2144 2389 2217 ἀδύνατον
2432 2150 2560 2235 γὰρ

412 2248 492 2337 ἦν
551 2245 732 2338 αύτῷ
787 2250 1099 2375 κεραυνὸν
1157 2251 1513 2336 ἐμβαλόντι
1568 2252 1979 2341 καταφλέξαι
2042 2250 2159 2319 τὸν
2218 2246 2560 2338 Ἀγαμέμ-

413 2380 570 2421 νονα
604 2347 803 2421 αυτὸν
841 2350 996 2421 ἄνευ
1041 2358 1162 2420 τοῦ
1207 2352 1568 2423 ἀπατεῶνα
1612 2351 1784 2421 εἶναι
1830 2354 2065 2421 δοκεῖν.
2130 2381 2171 2443 η
2221 2353 2437 2421 ἐκεῖνά
2486 2378 2561 2420 σε

411 2456 706 2541 μάλιστα
751 2455 819 2534 ἐς
849 2455 968 2545 τὴν
1008 2462 1239 2523 πίστιν
1285 2456 1722 2524 ἐπεσπάσατο
1769 2455 2113 2538 ακούοντα,
2159 2480 2252 2534 ως
2294 2456 2560 2576 Διομή-

413 2559 530 2648 δης
585 2560 704 2644 μὲν
760 2559 1006 2644 ἔτρωσε
1060 2558 1180 2645 τὴν
1219 2553 1663 2647 Ἀφροδίτην,
1726 2556 1870 2625 εἶτα
1928 2558 2043 2626 τὸν
2084 2554 2296 2645 ’Ἀρην
2355 2551 2560 2624 αυτὸν

405 2655 711 2749 Ἀθηνᾶς
755 2661 1266 2747 παρακελεύσει,
1327 2659 1495 2743 μετὰ
1548 2659 1783 2745 μικρὸν
1830 2662 1901 2727 δὲ
1946 2655 2140 2728 αὐτοὶ
2186 2658 2561 2744 ξυμπεσόν-

411 2789 517 2842 τες
577 2790 638 2830 οι
697 2765 856 2830 θεοὶ
916 2761 1441 2847 ἐμονομαχοῦντο
1502 2758 1749 2847 αναμὶξ
1792 2787 2057 2887 αρρενες
2100 2765 2212 2829 καὶ
2259 2762 2559 2850 θήλειαι,

411 2868 523 2932 καὶ
561 2858 826 2951 Ἀθηνᾶ
869 2864 990 2947 μὲν
1020 2859 1234 2953 ’Ἀρην
1277 2864 1822 2986 καταγωνίζεται,
1879 2862 1995 2931 ἅτε
2036 2867 2149 2931 καὶ
2195 2890 2560 2951 προπεπο-

415 2965 673 3054 νηκότα,
721 2962 931 3049 οἶμαι,
977 2964 1045 3031 ἐκ
1086 2971 1205 3033 τοῦ
1249 2966 1645 3053 τραύματος,
1694 2964 1730 3033 ὃ
1776 2967 1967 3055 παρὰ
2010 2970 2130 3034 τοῦ
2174 2968 2563 3055 Διομήδοις

413 3067 694 3156 εἰλήφει,

690 3176 922 3294 Λητοῖ
962 3163 1024 3235 δ’
1080 3164 1355 3256 ἀντέστη
1404 3192 1611 3247 σωκος
1656 3170 1978 3255 ἐριούνιος
2016 3166 2283 3259 Ἑρμῆς,·

417 3261 451 3358 ἢ
494 3270 577 3337 τὰ
639 3273 798 3357 περὶ
839 3274 958 3357 τῆς
995 3264 1391 3357 Ἀρτέμιδός
1438 3294 1549 3339 σοι
1594 3271 1862 3339 πιθανὰ
1912 3272 2163 3355 ἔδοξεν,
2210 3268 2303 3351 ὥς
2346 3272 2560 3362 ἐκείνη

412 3380 872 3461 μεμψίμοιρος
917 3372 1083 3441 οὐσα
1127 3368 1571 3462 ἠγανάκτησεν
1618 3368 1694 3441 οὗ
1734 3376 2061 3463 κληθεῖσα
2093 3369 2207 3464 ἐφ’
2260 3374 2562 3443 ἑστίασιν

413 3472 544 3544 ὑπὸ
605 3480 722 3544 τοῦ
777 3475 1056 3557 Οἰνέως,
1114 3479 1226 3542 καὶ
1284 3474 1397 3544 διὰ
1454 3479 1649 3543 τοῦτο
1710 3479 1827 3543 σῦν
1882 3502 2035 3544 τινα
2088 3472 2404 3565 ὑπερφυᾶ
2445 3504 2561 3545 και

415 3574 879 3647 ἀνυπόστατον
922 3578 1041 3664 τὴν
1087 3572 1287 3667 ἀλκὴν
1333 3577 1676 3667 ἐπαφῆκεν
1738 3578 1853 3645 ἐπὶ
1897 3578 2015 3664 τὴν
2054 3579 2277 3666 χώραν
2323 3573 2529 3647 αυτοῦ
2541 3611 2563 3664 ,·

416 3668 530 3766 ἆρ’
587 3668 700 3749 οὖν
743 3680 826 3748 τὰ
870 3684 1149 3748 τοιαῦτα
1194 3683 1401 3768 λέγων
1446 3704 1521 3747 σε
1548 3673 1839 3768 Ὅμηρος
1884 3687 2199 3764 πέπεικε,·

589 3792 691 3851 41.
759 3788 1007 3849 ΖΕΥΣ.
1076 3790 1331 3869 Βαβαί·
1401 3779 1655 3873 ἡλίκον,
1725 3768 1779 3847 ὦ
1837 3788 2026 3865 θεοί,
2094 3776 2415 3873 ἀνεβόησε
2478 3782 2557 3850 τὸ

415 3888 714 3972 πλῆθος,
765 3885 1191 3965 ἐπαινοῦντες
1232 3884 1348 3953 τὸν
1394 3888 1647 3970 Δᾶμιν·
1703 3881 1737 3951 ὃ
1788 3880 1851 3951 δ’
1902 3881 2216 3973 ἡμέτερος
2262 3879 2561 3971 ἆπορου-

413 3994 590 4076 μένῳ
659 3989 860 4056 ἔοικε·
928 3989 1085 4057 ἰδίει
1149 3992 1304 4074 γοῦν
1359 3990 1469 4056 καὶ
1525 3984 1891 4074 ὑποτρέμει
1944 3992 2088 4056 καὶ·
2122 3988 2319 4078 δῆλός
2376 3986 2562 4055 ἐστιν
