2750 4534
1132 288 1400 343 GALLUS.
2226 289 2344 346 257

406 458 454 521 Γ
486 496 567 505 -
598 484 704 544 φρ.
742 460 961 525 αὐτῶν
988 458 1009 544 Ι
1038 480 1153 522 om.
1186 459 1407 524 αὐτῶν
1438 455 1870 537 ΩΦΜιιίῑἨρΒ.
1909 493 1990 505 —·
2035 468 2302 542 πρῶτον
2331 458 2352 543 11

404 560 725 646 πρότερον
757 567 925 643 Ups„
972 582 1273 641 suprascr.
1311 558 1360 622 Γ
1404 597 1489 607 -
1535 564 1750 642 ἐγέλας
1777 559 1797 646 11
1827 564 2126 642 ἐγέλασας
2157 559 2347 623 ΩΓΦ

402 700 484 711 -
530 668 631 731 ἐπὶ
678 674 896 752 σαυτῷ
942 664 966 749 11
1009 665 1221 752 αὑτῷ,
1275 686 1392 727 om.
1439 667 1542 729 ἐπὶ
1584 667 1638 726 Α
1696 702 1780 711 --
1835 663 2348 748 ὑπερευδαίμονα

408 768 570 832 εἶναι
626 767 645 852 11
705 774 1274 851 υπερευδαιμονεῒν
1334 767 1431 833 ἀεὶ
1484 765 1696 845 Φΰρε.
1761 766 2350 850 (ὑπερευδαιμονεῖν

306 882 311 885 ’
403 868 500 934 ἀεὶ
528 871 664 935 Ald.
702 868 1216 952 ὑπερευδαίμονα
1246 871 1409 935 εἶναι
1441 872 1612 945 Mut.)
1656 904 1736 913 —
1779 877 2073 935 πλοῦτον
2149 867 2349 934 πλού-

170 1807 230 1849 ο.
267 1790 369 1853 21.

165 3129 229 3170 c.
269 3110 368 3171 22.

283 4126 378 4169 Luc

402 991 545 1036 σιον
589 969 727 1034 ΩΦ
771 1007 855 1019 -
898 980 1005 1037 καὶ
1051 974 1112 1037 εἴ
1147 999 1207 1037 τι
1241 970 1264 1055 11
1296 979 1508 1037 καίτοι
1551 998 1612 1036 τι
1655 974 1801 1049 UpS.
1845 979 2056 1037 καίτοι
2099 978 2162 1036 τί
2205 968 2346 1048 ΩΓ,

401 1079 465 1136 τί
494 1092 609 1134 om.
640 1080 745 1138 καὶ
783 1079 840 1138 εἰ
866 1072 933 1135 Φ
976 1072 1039 1156 (ἢ
1072 1071 1173 1139 ὅτι
1204 1076 1339 1135 Ald.
1385 1072 1404 1157 ss
1448 1071 1590 1156 ἤτοι
1621 1079 1684 1137 τί
1710 1074 1882 1150 Mut.)
1929 1108 2010 1120 —-
2048 1080 2300 1154 χαίροις
2328 1072 2348 1155 11

400 1173 421 1258 11
457 1182 696 1257 χαίρεις
745 1172 922 1238 ΑΩΓ
978 1210 1061 1223 -
1116 1174 1349 1242 ἅλλοτε
1480 1173 1762 1240 ἄλλοθεν
1808 1178 1950 1253 ΠΡΒ.
2015 1211 2098 1221 -
2154 1174 2233 1257 ἦν
2277 1174 2347 1240 τ’

400 1288 564 1357 Ευφ.
627 1275 648 1357 11
703 1278 785 1362 ἤν
841 1305 909 1345 τε
964 1289 1030 1346 Ε.
1093 1275 1360 1356 ssl‘Ups.
1424 1314 1509 1325 —
1561 1275 1598 1358 ἢ
1660 1276 1821 1342 Ἀσπ.
1862 1276 1885 1359 11
1915 1275 1996 1359 ἤν
2054 1303 2120 1343 τε
2177 1277 2338 1343 Ἀσπ.

399 1375 735 1458 ΩΓΦΠρε.
772 1418 851 1425 ——
883 1387 1086 1445 ταῦτα
1118 1378 1242 1460 ἐγὼ
1283 1376 1304 1461 11
1347 1378 1470 1459 ἐγὼ
1501 1405 1552 1444 τ.
1589 1373 1856 1455 ΩΓΠΡΒ.
1893 1414 1974 1425 -
2019 1376 2347 1459 ἀτιμάζοις

398 1478 456 1563 11.
494 1532 507 1547 .
544 1534 557 1547 .
594 1506 667 1563 ης
698 1482 842 1558 Upfl.
891 1516 977 1525 —
1020 1495 1234 1558 ποιοῖς
1278 1480 1299 1565 11
1340 1495 1546 1558 ποιεῖς
1577 1482 1723 1557 ΠΡΒ.
1769 1514 1852 1524 -·
1896 1478 2300 1561 ἀλεκτρυόνα
2332 1478 2352 1563 11

400 1579 776 1665 α’λεκτρυών
806 1578 1020 1659 QUps.
1065 1579 1187 1646 όνα
1216 1584 1277 1642 in
1309 1602 1428 1644 rae.
1460 1579 1509 1641 Γ
1557 1616 1640 1628 -—
1683 1580 1864 1667 αὑτῷ
1905 1579 1924 1664 ΙΙ
1968 1580 2147 1647 αὐτῶ
2176 1584 2230 1643 Α
2264 1616 2344 1627 -

402 1692 527 1749 νῦν
568 1682 588 1768 11
632 1704 746 1746 om.
791 1680 1008 1745 ssMut.
1055 1717 1136 1728 —

406 1784 674 1851 πάντων
702 1785 721 1867 11
750 1783 1062 1851 ἁπάντων
1086 1780 1352 1861 QFUps.
1392 1818 1470 1829 -
1505 1790 1662 1865 σχεδ.
1697 1786 1717 1870 11
1746 1804 1834 1864 σχ.
1865 1781 1981 1867 ἤδη
2005 1780 2339 1861 ΩΓΦΠρε.

399 1921 481 1932 -
525 1896 660 1953 τῶν
702 1886 929 1968 βίων.11
964 1884 1081 1951 τὸν
1125 1893 1275 1964 βίον
1317 1888 1461 1964 ΠΡΒ.
1515 1922 1598 1932 -
1638 1880 1809 1969 ἦσθα
1850 1886 1869 1967 11
1913 1886 2108 1951 οἶσθα
2153 1882 2342 1948 ΩΓΦ

397 2024 483 2035 --
535 1997 755 2069 σαφῶς
796 1985 817 2073 11
858 2009 973 2051 om.
1032 1991 1179 2066 Ups.
1237 2025 1321 2035 -—
1378 1994 1506 2072 ἰδίᾳ
1547 1987 1568 2071 11
1613 1993 1740 2053 ἰδία
1783 1984 1854 2049 Ω
1899 2023 1984 2035 -
2025 1996 2281 2067 βιοῦσιν
2325 1986 2344 2070 11

400 2100 799 2156 πλουτοῦσιν
843 2086 1005 2171 ΩΦ,
1060 2100 1160 2156 πλ.
1212 2110 1512 2169 suprasor.
1564 2091 1822 2169 βιοῦσιν
1867 2086 1918 2150 Γ
1978 2125 2061 2137 --
2117 2109 2343 2174 προσε-

398 2190 753 2258 λαύνουσιν
796 2190 817 2276 11
859 2190 1324 2257 ἐπελαύνουσιν
1369 2187 1508 2252 ΩΦ
1540 2194 1832 2257 ἐπελαυν.
1870 2212 2034 2271 supr.
2081 2185 2336 2275 προσελ.

399 2290 449 2355 Γ
478 2329 561 2342 -——
591 2291 974 2372 ἐμβαλόντες
1002 2291 1023 2375 Ι
1052 2290 1480 2370 ἐμβάλλοντες
1517 2289 1634 2352 ΓΦ
1665 2328 1744 2337 -
1779 2291 1904 2374 ἄρα
1948 2298 2344 2376 περιβλέπεις

392 2394 413 2480 ss
454 2395 834 2473 α’ναβλέπεις
892 2414 1003 2457 om.
1054 2391 1179 2473 ἄρα
1224 2396 1367 2471 UpS.
1419 2428 1500 2439 —
1559 2395 1814 2470 ἑαυτοῖς
1860 2390 1884 2477 11
1930 2394 2154 2473 αὑτοῖς
2198 2392 2338 2473 ΩΤ,

394 2498 758 2577 ἅμφαυτοῒς
785 2493 852 2557 Φ
884 2515 997 2577 pr„
1045 2514 1197 2557 corr.
1244 2492 1419 2573 ἄμφ’
1454 2492 1678 2572 αὑτοῖς
1721 2515 1846 2558 reo.
1897 2530 1977 2541 —
2019 2501 2276 2576 τειχέων
2321 2498 2338 2578 11

394 2608 621 2679 τειχῶν
653 2592 843 2659 ΩΓΦ
887 2630 972 2642 -
1016 2594 1135 2662 ὅσα
1176 2595 1195 2679 11
1241 2594 1280 2661 ἃ
1311 2592 1381 2657 Ω
1411 2630 1486 2641 --
1522 2593 1723 2678 ἤνπερ
1766 2596 1785 2680 11
1829 2594 1909 2678 ἢν
1953 2622 2020 2662 τε
2054 2594 2336 2677 ΩΦΠΡΒ.

396 2738 481 2749 -—
512 2704 799 2782 ἐσφέρειν
827 2697 848 2784 ss
876 2705 1033 2779 εἰσφ.
1068 2697 1278 2777 ΦΠΡΒ.
1311 2732 1384 2743 -
1414 2696 1998 2781 προκινδυνεύουσι
2029 2697 2048 2781 11
2075 2702 2278 2762 littera
2300 2726 2338 2765 ν

396 2821 570 2864 erasa
598 2800 665 2861 Φ
711 2836 796 2849 --
841 2803 903 2878 ἐς
941 2819 1088 2865 σωτ.
1127 2798 1149 2883 11
1184 2805 1269 2877 εἰς
1302 2817 1353 2865 σ.
1391 2796 1581 2860 ΩΓΦ
1625 2834 1708 2845 -
1754 2798 2008 2865 ἐπειδὰν
2036 2798 2056 2883 11
2085 2800 2341 2867 ἐπειδᾶν

395 2908 463 2964 ut
504 2903 633 2964 fere
678 2921 918 2981 semper
960 2898 1027 2961 Φ
1088 2936 1165 2945 -
1224 2898 1303 2965 τὰ
1358 2902 1634 2965 ἐπινίκια
1739 2920 1850 2966 om.
1914 2899 1994 2966 τὰ
2036 2898 2104 2961 Ω
2167 2938 2238 2947 -
2304 2901 2336 2967 ὅ

398 3020 528 3085 στρ.
578 3003 598 3085 11
638 3023 751 3066 om.
796 3001 833 3067 ὃ
878 2999 1015 3062 ΩΦ
1061 3038 1143 3049 -

406 3107 468 3182 ἐς
512 3107 595 3169 ἐκ.
646 3104 665 3187 11
709 3109 794 3180 εἰς
840 3106 922 3169 ε’κ.
973 3099 1308 3181 ΩΓΦΠΡΒ.
1362 3138 1442 3147 -
1486 3101 1902 3185 τυραννήσεις
1943 3102 1964 3187 11
2005 3120 2340 3188 τυραννεῖς

398 3202 733 3283 ΩΓΦΠΡΒ.
782 3240 867 3250 -
912 3202 1001 3282 ὡς
1045 3206 1209 3285 ἔχοις
1252 3256 1265 3269 .
1316 3256 1329 3270 .
1381 3258 1394 3271 .
1445 3203 1701 3285 ἀγῶνας
1806 3226 1921 3268 om.
1966 3202 2213 3268 ΑΩΓΦ
2257 3243 2338 3253 -

397 3316 675 3373 πονοίσι
718 3306 737 3390 11
778 3314 1097 3372 πονοῦσιν
1142 3302 1333 3366 ΩΓΦ
1376 3342 1464 3352 —-
1507 3312 1572 3372 δὲ
1617 3309 1766 3386 ἐξετ.
1815 3306 1836 3390 11
1879 3307 1949 3372 δ’
1978 3311 2128 3387 ἐξετ.
2174 3312 2229 3369 Α
2259 3344 2340 3354 -

398 3415 506 3473 καὶ
562 3406 943 3490 δοκιμαστὴς
986 3404 1005 3489 11
1048 3427 1164 3469 om.
1221 3404 1563 3487 ΩΓΦΠΡΒ.
1622 3444 1705 3454 --
1761 3408 2270 3490 κατεχαλαζι’σας
2323 3410 2342 3495 11
2441 3452 2447 3456 -

398 3520 727 3590 κατεκχαλ.
763 3512 817 3570 Α
860 3544 945 3555 --·
989 3508 1209 3574 αὐτῶν
1253 3506 1273 3589 11
1314 3512 1377 3586 ἐς
1407 3508 1545 3574 αὐτ.
1576 3511 1630 3570 Α
1673 3546 1754 3555 -
1797 3508 1954 3589 τοὺς
1984 3518 2111 3577 λίθ.
2159 3509 2180 3595 11
2223 3532 2338 3574 om.

396 3609 551 3687 τοὺς
579 3608 869 3690 ΩΦΠΡΒ.
912 3631 1213 3690 suprascr.
1248 3607 1296 3670 Γ
1332 3599 1409 3655 ⁸—-
1440 3637 1493 3677 τ.
1529 3610 1752 3689 οὐσίας
1797 3612 2016 3677 αὐτῶν
2057 3610 2076 3696 11
2121 3613 2340 3679 αὐτῶν

397 3732 512 3774 om.
544 3713 598 3772 A
632 3748 712 3759 -
744 3711 894 3778 οὔτε
939 3718 1004 3778 δὲ
1046 3712 1065 3796 11
1112 3712 1258 3779 ου’δὲ
1291 3710 1509 3791 ΦΠΡΒ.
1560 3748 1634 3758 -
1685 3712 1835 3778 οὔτε
1877 3711 1898 3797 11
1939 3714 2088 3780 ου’δὲ
2120 3713 2334 3794 &Upe-

397 3849 479 3860 —-
526 3812 676 3879 οὔτε
722 3818 785 3877 δὲ
831 3814 849 3895 11
891 3835 1007 3877 om.
1039 3820 1103 3880 δὲ
1145 3810 1216 3875 Ω
1263 3814 1412 3881 οὐδὲ
1458 3811 1507 3874 Γ
1540 3850 1620 3859 -
1647 3823 1947 3898 θριγκίον
1989 3816 2008 3899 1
2051 3826 2338 3900 τριγχιόν

394 3918 448 3976 A
494 3949 568 3961 —
611 3911 911 3995 διορύξας
953 3914 972 3999 11
1016 3920 1302 3998 διορέξας
1330 3918 1385 3977 Α
1417 3913 1652 3998 ὀρέξας
1695 3914 2036 3996 ΩΓΦΠΡΒ.
2082 3954 2160 3966 —
2209 3935 2338 3985 τοῖ-

388 4041 511 4097 χον
553 4012 571 4099 11
615 4031 828 4095 τεῒχου
860 4019 1001 4095 Ups.
1036 4053 1120 4065 —-
1154 4015 1604 4082 διαπυκτετῖων
1647 4018 1666 4101 11
1709 4024 1979 4084 διαπικτ.
2016 4022 2070 4081 Α
2100 4056 2180 4067 —-
2211 4027 2340 4086 δια-

380 4126 453 4168 ian
480 4124 538 4167 11.
568 4126 606 4167 2.
1970 4123 2027 4174 17
