2750 4534
437 208 516 265 92
1334 206 1707 261 ΔΟΥΚΙΑΝΟΥ

437 378 549 443 καὶ
606 370 1052 460 δ”Αδραστος
1109 373 1225 442 ἐπὶ
1287 374 1405 441 τὸν
1466 378 1584 443 σῦν
1644 370 1845 463 ἀφεὶς
1901 375 2019 462 τὴν
2066 376 2301 464 λόγχην
2347 376 2566 443 ἐκείνου

435 478 556 561 μὲν
615 474 1101 563 ἁμαρτήσεται,
1161 477 1478 563 φονεύσει
1535 478 1609 544 δὲ
1664 477 1783 546 τὸν
1840 482 1960 545 τοῦ
2003 485 2300 563 Κροίσου
2360 478 2565 557 παῖδα,

436 576 528 659 ὥς
587 569 669 646 ἂν
717 572 845 644 ἀπ’
916 577 1187 664 ἰσχυρᾶς
1233 577 1503 663 ἐντολῆς
1549 581 1681 645 τῶν
1727 585 2017 664 Μοιρῶν
2062 586 2433 667 φερομένου
2472 583 2567 646 τοῦ

333 686 404 745 18
442 674 774 747 ἀκοντίου·
807 679 921 746 ἐπὶ
977 677 1094 746 τὸν
1139 685 1502 747 νεανίσκον.
1600 686 1695 747 13.
1742 680 1819 746 τὸ
1866 680 1989 764 μὲν
2032 679 2158 766 γὰρ
2201 684 2323 747 τοῦ
2368 684 2568 747 Λαΐοι1

437 785 547 849 καὶ
591 784 870 868 γελοῖον,
915 780 990 845 τό

523 883 612 973 μὴ
663 896 900 969 σπεῖρε
943 887 1185 949 τέκνων
1234 878 1441 949 ἄλοκα
1488 882 1823 967 δαιμόνων
1866 889 2020 971 βίᾳ·

527 985 588 1051 εἰ
630 984 754 1071 γὰρ
799 984 1146 1062 τεκνώσεις
1194 988 1411 1073 (φησὶ)
1459 979 1682 1061 παῖδ’,
1733 979 2089 1053 ἀποκτενεῖ
2134 979 2202 1052 σ’
2256 982 2292 1051 5
2342 986 2485 1073 φύς.

441 1085 718 1175 περιττὴ
750 1087 894 1173 γάρ,
944 1082 1153 1169 οἶμαι,
1200 1082 1239 1175 ἡ
1275 1093 1680 1172 παραίνεσις
1724 1086 1897 1173 πρὸς
1940 1087 2024 1153 τὰ
2070 1087 2345 1165 πάντως
2392 1080 2572 1162 οὕτως

439 1187 864 1275 γενησόμενα.
931 1187 1274 1273 τοιγάρτοι
1316 1187 1487 1271 μετὰ
1518 1186 1635 1255 τὸν
1674 1187 1974 1275 χρησμὸν
2016 1190 2131 1255 καὶ
2176 1189 2449 1273 ἔσπειρε
2486 1189 2575 1253 καὶ

441 1286 476 1357 5
524 1288 653 1379 φὺς
697 1283 1081 1357 ἀπέκτεινεν
1125 1282 1358 1370 αὐτὸν,
1408 1282 1577 1355 ὥστε
1621 1283 1736 1373 ούχ
1781 1286 1918 1373 ὁρῶ
1965 1283 2127 1357 ἄνθ’
2185 1283 2343 1355 ὅτου
2392 1284 2577 1355 ἄπαι-

339 1407 410 1461 14
445 1406 619 1460 τεῖτε
661 1390 779 1458 τὸν
821 1391 1079 1475 μισθὸν
1125 1389 1238 1457 ἐπὶ
1284 1395 1367 1479 τῇ
1412 1394 1713 1479 μαντικῇ.
1787 1399 1887 1457 14.
1934 1390 2021 1459 ἐῶ
2062 1390 2189 1478 γὰρ
2235 1393 2467 1477 λέγειν,
2508 1388 2581 1467 ὡς

443 1493 602 1573 λοξὰ
668 1496 777 1561 καὶ
846 1492 1469 1581 ἐπαμφοτερίζοντα
1524 1508 1669 1571 τοῖς
1728 1495 2007 1571 πολλοῖς
2061 1496 2225 1579 χρᾶν
2284 1493 2582 1574 εἰώθατε,

442 1590 517 1663 οὗ
563 1596 741 1662 πάνυ
788 1590 1318 1682 ἀποσαφοῦντες,
1368 1595 1428 1661 εἰ
1472 1592 1508 1661 5
1554 1594 1672 1661 τὸν
1692 1588 1902 1661 ’Ἀλυν
1948 1595 2188 1680 διαβὰς
2234 1595 2353 1683 τὴν
2402 1594 2584 1662 αὑτοῦ

442 1691 644 1784 ἀρχὴν
702 1696 1055 1763 καταλύσει
1115 1687 1155 1785 ἢ
1209 1694 1328 1781 τὴν
1382 1699 1502 1762 τοῦ
1560 1696 1815 1781 Κύρου·
1878 1692 2083 1784 ἄμφω
2140 1695 2265 1781 γὰρ
2325 1696 2589 1763 δύναται

441 1794 475 1864 5
519 1791 832 1885 χρησμός.
941 1882 967 1893 -

615 1904 864 1965 ΖΕΥΣ.
947 1894 1062 1966 Ἠν
1118 1924 1249 1980 τις,
1317 1886 1374 1964 ὦ
1429 1906 1746 1980 Κυνίσκε,
1816 1903 1913 1987 τῷ
1962 1894 2350 1966 Ἀπόλλωνι
2408 1898 2657 1987 ὀργῆςθὸῖ

447 2000 632 2067 αἰτία
696 1998 863 2066 κατὰ
920 2004 1040 2068 τοῦ
1099 2007 1425 2088 Κροίσου,
1488 2000 1663 2067 διότι
1720 2000 2039 2086 ἐπειρᾶτο
2097 2000 2344 2078 ἐκεῖνος
2406 1996 2595 2068 αὐτὸν
2704 1936 2707 2045 λ

444 2098 678 2188 όῖρνεια
722 2106 880 2188 κρέα
924 2104 1035 2169 καὶ
1076 2102 1366 2190 χελώνην
1412 2102 1480 2179 ἐς
1522 2101 1597 2169 τὸ
1648 2095 1807 2169 αὖτὸ
1858 2103 2061 2188 ἕψων.
2706 2088 2709 2195 J

616 2210 826 2269 KYN.
889 2197 1108 2292 Ἐχρῆν
1152 2204 1274 2288 μὲν
1315 2204 1485 2291 μηδὲ
1530 2197 1926 2289 ὀργίζεσθαι
1968 2204 2136 2271 θεὸν
2182 2200 2381 2271 ὄντα·
2432 2202 2595 2289 πλὴν
2708 2242 2711 2349 y

447 2301 619 2371 ἀλλὰ
678 2309 788 2372 καὶ
846 2304 921 2371 τὸ
984 2304 1498 2394 ἐξαπατηθῆναι
1556 2310 1655 2392 τῷ
1697 2308 1915 2393 Λυδῷ
1957 2304 2091 2375 ὑπὸ
2145 2310 2265 2373 τοῦ
2304 2312 2596 2395 χρησμοῦ

447 2407 821 2494 ἐπέπρωτο,
871 2405 1080 2492 οἶμαι,
1125 2410 1234 2474 καὶ
1268 2404 1487 2486 ἄλλως
1516 2408 1593 2475 τὸ
1626 2408 1718 2495 μὴ
1752 2412 1988 2497 σαφῶς
2020 2403 2300 2476 ἆκοῦσαι
2330 2410 2417 2475 τὰ
2448 2412 2595 2494 μέλ-

447 2512 647 2578 λοντα
691 2507 729 2599 ἦ
765 2511 1147 2597 Εἱμαρμένη
1183 2509 1577 2577 ἐπέκλωσεν.
1648 2503 1823 2577 ὥστε
1866 2507 2047 2599 καὶὴ
2092 2510 2372 2599 μαντικὴ
2423 2510 2596 2596 ὑμῶν

450 2612 696 2702 ἐκείνης
743 2614 932 2699 ἔργον
977 2612 1178 2680 ἐστίν.

343 2727 416 2782 15
630 2722 726 2781 15.
794 2719 1043 2781 ΖΕΥΣ.
1118 2710 1313 2797 Ἡμῖν
1372 2714 1446 2780 δὲ
1506 2707 1696 2779 οὐδὲν
1753 2707 2182 2794 ἀπολείπεις,
2246 2708 2419 2780 ἀλλὰ
2477 2714 2598 2799 μά-

445 2843 564 2904 την
620 2821 782 2883 θεοί
841 2814 1035 2897 ἐσμεν
1095 2812 1247 2882 οὔτε
1304 2815 1631 2899 πρόνοιάν
1688 2813 1861 2883 τινα
1902 2815 2340 2904 ἐσφερόμενοι
2399 2816 2469 2895 ἐς
2522 2816 2597 2881 τὰ

447 2917 813 3002 πράγματα
872 2911 1023 2982 ου’τε
1080 2921 1213 2983 τῶν
1259 2920 1522 2984 θυσιῶν
1582 2913 1760 2995 ὂὲξιοι
1803 2917 2119 3002 καθάπερ
2161 2917 2475 3004 τρύπανα
2518 2914 2600 2994 ὥς

449 3013 724 3107 ἀληθῶς
780 3044 820 3105 η
870 3022 1246 3103 σκέπαρνα,
1299 3026 1415 3085 καί
1467 3044 1589 3103 μοι
1646 3020 1859 3097 δοκεῖς
1917 3020 2187 3097 εἰκότως
2228 3045 2360 3103 μου
2403 3046 2602 3087 κατα-

449 3133 754 3209 φρονεῖν,
817 3113 923 3185 ότι
981 3121 1328 3204 κεραυνόν,
1400 3117 1492 3198 ὥς
1548 3116 1743 3209 δρᾷς,
1812 3122 2321 3208 διηγκυλημένος
2380 3120 2606 3205 ἀνέχο-

447 3229 573 3307 μαί
619 3245 694 3288 σε
737 3224 1033 3288 τοσαῦτα
1075 3216 1240 3287 καθ’
1241 3218 1481 3340 ἡμῶν
1527 3222 1881 3301 διεξιόντα.

619 3330 830 3390 ΚΥΝ.
901 3322 1150 3405 Βάλλε,
1211 3351 1262 3389 ω
1310 3327 1462 3405 Ζεῦ,
1518 3324 1584 3390 εἴ
1622 3350 1741 3407 μοι
1784 3326 1895 3390 καὶ
1937 3327 2233 3411 κεραυνῷ
2277 3325 2609 3411 πληγῆναι

451 3427 783 3512 εἵμαρται,
830 3429 940 3493 καὶ
974 3429 1047 3493 σὲ
1098 3421 1288 3493 οὗδὲν
1322 3425 1719 3508 αἰτιάσομαι
1762 3430 1879 3514 τῆς
1924 3428 2213 3514 πληγῆς,
2274 3419 2448 3491 ἀλλὰ
2497 3424 2609 3508 τὴν

448 3527 720 3595 Κλωθώ
766 3528 884 3617 τὴν
930 3528 1042 3596 διὰ
1091 3532 1213 3596 σοῦ
1254 3527 1780 3614 τιτρώσκουσαν·
1841 3522 1993 3594 οὐδὲ
2045 3527 2170 3613 γὰρ
2214 3525 2332 3593 τὸν
2378 3552 2609 3613 κεραυ-

450 3630 564 3699 νὸν
610 3624 809 3697 αὐτὸν
855 3638 1063 3719 φαίην
1111 3626 1191 3696 ἰῦν
1247 3634 1566 3716 γενέσθαι
1620 3656 1738 3714 μοι
1787 3629 2006 3697 α’ίτιον
2049 3633 2167 3695 τοῦ
2210 3629 2607 3713 τραύματος.

450 3732 623 3819 πλὴν
669 3731 873 3798 ἐκεῖνό
919 3757 992 3816 γε
1037 3728 1209 3815 ὖμᾶς
1239 3730 1564 3819 ἐρήσομαι
1594 3733 1701 3798 καὶ
1736 3731 1812 3797 σὲ
1838 3733 1951 3797 καὶ
1994 3729 2113 3816 τὴν
2154 3730 2686 3818 mmmmm-6³⁸

452 3832 530 3899 σί-
593 3835 666 3900 δέ
719 3859 837 3917 μοι
898 3836 1008 3900 καὶ
1065 3830 1234 3919 ὑπὲρ
1296 3833 1546 3921 ἐκείνης
1606 3826 2001 3917 ἀπόκριναι·
2058 3825 2429 3921 ἀνέμνησας
2487 3832 2607 3918 γάρ

347 3945 418 3999 16
452 3960 536 4017 με
582 3929 974 4021 ἀπειλήσας.
1046 3940 1143 4001 16.
1189 3941 1256 3999 τί
1302 3935 1555 4021 δήποτε
1597 3933 1754 4011 τοὺς
1800 3933 2182 4018 ἱεροσύλους
2223 3937 2335 4001 καὶ
2368 3933 2609 4021 λῃστὰς
