2750 4534
452 228 532 285 90
1341 228 1713 282 ΔΟΥΚΙΑΝΟΥ

453 420 608 475 στος
653 398 724 464 δὲ
764 398 979 479 χωλός
1026 396 1168 464 ἐστι
1210 396 1551 481 βάναυσός
1594 422 1697 476 τις
1735 400 1844 464 καὶ
1880 403 2163 485 πυρίτης
2193 395 2307 485 τὴν
2340 402 2598 485 τέχνην·

449 496 483 565 o‘
533 498 944 587 Προμηθεὺς
990 500 1062 565 δὲ
1106 502 1212 566 καὶ
1263 493 1810 586 ἀνεσκολοπίσθη
1858 504 2047 565 ποτέ.
2134 497 2252 565 τὸν
2292 498 2427 585 γὰρ
2474 525 2601 565 πα-

448 602 606 686 τέρα
638 624 758 668 σου
790 608 857 668 τί
890 592 969 667 ἂν
1017 604 1275 687 λέγοιμι
1307 602 1601 689 πεδήτην
1647 601 1746 669 ἔτι
1791 601 1861 667 ἐν
1904 605 2001 687 τῷ
2040 598 2603 687 Ταρτάρῳιὸντω

447 704 558 770 καὶ
618 703 772 787 ἐρᾶν
833 704 903 770 δὲ
961 700 1134 787 ὑμᾶς
1192 727 1364 792 φασι
1415 706 1527 770 καὶ
1570 703 2067 821 vtcvpcbouwSat
2110 705 2221 769 καὶ
2266 703 2603 771 δουλεύειν

450 804 660 871 ἐνίοτε
707 804 892 891 παρὰ
939 818 1082 882 τοῖς
1127 798 1559 890 ἇνθρωποις,
1610 797 1839 887 ὥσπερ
1888 798 2122 925 ἀμέλει
2165 806 2273 870 καὶ
2318 803 2445 871 τὸν
2494 804 2673 871 σὸν633

449 900 744 994 ἀδελφὸν
777 905 964 986 παρὰ
995 909 1093 991 τῷ
1123 907 1562 990 Λαομέδοντι
1605 908 1717 973 καὶ
1763 905 1950 989 παρὰ
1998 910 2095 991 τῷ
2126 900 2450 994 Ἀδμήτῳ
2492 905 2601 973 τὸν

440 1002 861 1073 Ἀπόλλωνα.
919 1011 1130 1075 ταῦτα
1177 1008 1251 1073 δέ
1279 1034 1398 1091 μοι
1444 1001 1520 1074 οὗ
1566 1008 1743 1074 πάνυ
1790 1002 2153 1091 εὐδαίμονα
2200 1009 2401 1089 δοκεῖ,
2455 1002 2598 1073 ἀλλ’

449 1109 742 1177 ἐοίκασιν
770 1105 952 1193 ὑμῶν
984 1110 1048 1175 οἱ
1078 1115 1199 1193 μέν
1238 1134 1416 1188 τινες
1460 1105 1745 1192 εὐτυχεῖς
1788 1134 1863 1176 τε
1906 1114 2015 1176 καὶ
2064 1105 2363 1193 εύμοιροι
2415 1106 2599 1189 εἶναι,

449 1212 514 1279 οἱ
562 1205 624 1277 δ’
678 1211 998 1295 ἔμπαλιν·
1047 1211 1134 1278 ἐῶ
1178 1210 1303 1299 γὰρ
1350 1214 1579 1297 λέγειν,
1627 1208 1734 1279 ὅτι
1763 1214 1871 1278 καὶ
1922 1212 2327 1299 λῃστεύεσθε
2374 1206 2600 1293 ὥσπερ

443 1309 633 1401 ἡμεῖς
678 1316 788 1380 καὶ
837 1315 1299 1399 περισυλᾶσθε
1343 1310 1478 1380 ὑπὸ
1525 1320 1657 1381 τῶν
1716 1312 2075 1399 ἱεροσύλων
2117 1316 2229 1379 καὶ
2274 1306 2343 1377 ἐκ
2390 1315 2599 1378 πλου-

445 1421 609 1481 σίων
640 1420 1039 1482 πενέστατοι
1085 1408 1156 1480 ἐν
1202 1409 1437 1499 ἀκαρεῖ
1475 1420 1821 1501 γίγνεσθε·
1870 1416 2113 1482 πολλοὶ
2161 1415 2233 1481 δὲ
2263 1418 2372 1479 καὶ
2410 1440 2600 1479 κατε-

441 1517 822 1604 χωνεύθητε
865 1512 987 1604 ἤδη
1031 1530 1265 1602 χρυσοῖ
1309 1508 1350 1604 ἢ
1383 1510 1661 1603 ἀργυροῖ
1690 1515 1895 1599 ὄντες,
1945 1516 2046 1594 οἷς
2088 1520 2287 1583 τοῦτο
2320 1517 2597 1600 εἵμαρτο

449 1618 720 1706 δηλαδή.

375 1728 412 1783 9
614 1727 671 1787 9.
720 1726 968 1786 ΖΕΥΣ.
1039 1718 1269 1808 Ὁρᾷςς
1325 1724 1537 1786 ταῦτα
1580 1716 1704 1807 ἤδη
1753 1716 2131 1804 ὑβριστικά,
2192 1706 2243 1785 ὦ
2292 1727 2598 1797 Κυνίσκε,

446 1823 607 1908 φής·
655 1829 766 1889 καί
813 1828 923 1888 σοί
968 1846 1137 1888 ποτε
1175 1822 1622 1941 μεξαμελήσει
1666 1815 1903 1888 αὐτῶν.

613 1930 823 1989 ΚΥΝ.
904 1925 1182 2005 Φείδου,
1252 1950 1304 1989 ω
1363 1928 1524 2005 Ζεῦ,
1592 1928 1724 1989 τῶν
1790 1917 2088 1991 ἀπειλῶν
2146 1921 2341 2001 εἰδὼς
2408 1918 2601 1990 οὐδέν

440 2049 524 2108 με
580 2025 982 2109 πεισόμενον
1041 2019 1080 2093 ὅ
1135 2052 1203 2093 τι
1258 2023 1348 2115 μὴ
1407 2030 1520 2094 καὶ
1563 2029 1647 2114 τῇ
1692 2032 1933 2114 Μοίρᾳ
1978 2026 2109 2109 πρὸ
2160 2029 2284 2092 σοῦ
2340 2025 2596 2104 ἔδοξεν·

443 2126 591 2193 ἐπεὶ
653 2124 805 2193 οὐδὲ
864 2121 1104 2205 αὐτοὺς
1163 2126 1450 2205 ἐκείνους
1507 2124 1643 2213 ὁρῶ
1686 2127 1842 2204 τοὺς
1902 2128 2281 2212 ἱεροσύλους
2325 2128 2599 2207 κολαζο-

439 2233 676 2312 μένους
722 2222 1046 2310 ὅὶπαντας,
1096 2223 1246 2295 ἀλλ’
1301 2230 1372 2295 οἵ
1411 2254 1484 2315 γε
1514 2233 1825 2297 πλεῖστοι
1870 2229 2343 2314 διαφεύγουσιν
2390 2226 2595 2314 ὑμᾶς·

441 2324 516 2397 οὗ
561 2330 686 2417 γὰρ
734 2331 1030 2416 εἵμαρτο,
1079 2328 1288 2414 οἶμαι,
1339 2328 1595 2399 ἁλῶναι
1642 2326 1900 2411 αὐτούς.

607 2438 858 2499 ΖΕΥΣ
915 2428 1049 2499 Οὐκ
1096 2433 1337 2519 ε’λεγον,
1387 2429 1479 2511 ὥς
1510 2428 1622 2516 ἄρ’
1676 2432 1941 2500 ἐκείνων
1964 2458 2068 2512 τις
2114 2430 2174 2499 εἶ
2218 2436 2351 2498 τῶν
2402 2427 2595 2500 ἀναι-

440 2535 729 2621 ρούντων
771 2533 891 2624 τὴν
939 2536 1267 2654 πρόνοιαν
1310 2538 1408 2621 τῷ
1455 2535 1667 2621 λόγῳς

609 2645 670 2704 Κ
683 2646 818 2703 ΥΝ
913 2638 1133 2718 Πάνυ,
1181 2664 1233 2703 ω
1281 2640 1443 2717 Ζεῦ,
1493 2637 1719 2715 δέδιας
1767 2634 2023 2716 αὐτούς,
2071 2662 2187 2703 ουκ
2233 2629 2460 2703 οἶδα(
2433 2630 2592 2703 ότοι

440 2740 658 2807 ἕνεκα·
717 2739 941 2805 πάντα
997 2742 1152 2824 γοῦν
1206 2735 1435 2806 ὁπόσα
1496 2766 1576 2804 αν
1636 2739 1843 2819 ε’ίπω,
1904 2738 2035 2806 οίει
2103 2738 2366 2806 ἐκείνων
2426 2766 2591 2805 παι-

335 2844 407 2898 10
443 2841 735 2924 δεύματα
782 2837 974 2907 εἶναι.
1069 2847 1166 2907 10.
1216 2839 1339 2925 ἐγώ
1395 2841 1467 2907 δὲ
1526 2878 1611 2888 -
1665 2840 1854 2925 παρὰ
1909 2847 2090 2917 τίνος
2144 2838 2267 2926 γὰρ
2330 2831 2413 2907 ἂν
2460 2837 2583 2906 ἄλ·
2602 2844 2672 2894 634

439 2946 554 3007 λου
617 2935 912 3027 τάληθὲς
980 2933 1018 3029 ἢ
1088 2941 1271 3027 παρὰ
1344 2946 1466 3009 σοῦ
1532 2942 1869 3026 μάθοιμι,·
1937 2981 2021 2991 —-
2087 2939 2296 3032 ἡδέως
2366 2936 2433 3007 δ’
2512 2932 2590 3006 ὃν

435 3047 541 3109 καὶ
602 3046 797 3109 τοῦτο
867 3042 1136 3131 ἐροίμην
1193 3067 1297 3126 σε,
1364 3052 1467 3123 τίς
1518 3040 1559 3133 ἡ
1619 3044 1927 3130 Πρόνοια
1984 3040 2138 3128 ὗμῖν
2201 3036 2361 3131 αὕτη
2424 3042 2590 3123 ἐστι’,

439 3145 674 3226 Μοῖρά
729 3170 832 3223 τις
886 3135 926 3229 ἢ
968 3148 1078 3211 καὶ
1123 3142 1297 3231 ὑπὲρ
1341 3147 1585 3234 ταύτην
1642 3144 1809 3224 θεὸς
1853 3139 2079 3232 ὥσπερ
2139 3142 2431 3229 ἄρχουσα
2476 3149 2587 3212 καὶ

435 3240 651 3311 αὐτῶν
698 3246 1000 3327 &ze-sivum,-

604 3354 851 3415 ΖΕΥΣ.
886 3343 1066 3436 ’Ἡδη
1101 3371 1206 3415 σοι
1240 3353 1348 3416 καὶ
1382 3349 1711 3434 πρότερον
1757 3349 1925 3437 ἔφην
1959 3344 2034 3415 οὗ
2080 3347 2366 3432 θεμιτὸν
2414 3345 2587 3415 εἶναι

434 3450 658 3518 πάντα
691 3473 765 3516 σε
811 3450 1078 3517 εἰδέναι.
1170 3449 1247 3516 σύ
1296 3451 1368 3517 δὲ
1415 3450 1482 3517 ἓν
1521 3477 1587 3517 τι
1635 3450 1702 3516 ἐν
1748 3445 1915 3538 ἀρχῇ
1961 3449 2316 3539 ἐρωτήσειν
2362 3450 2588 3537 φήσας

435 3547 510 3620 οὗ
542 3554 724 3640 παύῃ
772 3556 1068 3619 τοσαῦτα
1112 3553 1285 3639 πρός
1327 3578 1412 3636 με
1460 3552 2091 3638 λεπτολογούμενος·
2138 3556 2249 3619 καὶ
2294 3547 2432 3635 ὁρῶ
2476 3552 2587 3617 ὅτι

435 3677 544 3721 σοι
573 3654 647 3720 τὸ
681 3654 1048 3742 κεφάλαιόν
1092 3649 1237 3721 ἐστι
1279 3658 1400 3720 τοῦ
1447 3654 1661 3739 λόγου,
1709 3648 2050 3733 ἐπιδεῖξαι
2097 3648 2363 3731 οὐδενὸς
2407 3651 2586 3742 ἡμᾶς

433 3760 887 3841 προνοοῦιτας
929 3760 1060 3822 τῶν
1108 3751 1583 3843 ἀνθρωπίνων.

605 3865 811 3923 KYN.
884 3853 1018 3925 Οὐκ
1076 3858 1233 3942 ἐμὸν
1277 3862 1505 3939 τοῦτο,
1568 3852 1737 3923 ἀλλὰ
1785 3857 1862 3924 σὺ
1909 3856 2143 3943 μικρὸν
2191 3857 2582 3943 ἔμπροσθεν

435 3959 709 4045 ἔφησθα
738 3960 859 4036 τὰς
890 3965 1164 4044 Μοίρας
1194 3957 1365 4025 εἶναι
1411 3958 1531 4037 τὰς
1578 3953 1845 4025 ἅπαντα
1892 3958 2347 4038 ἐπιτελούσας,
2396 3956 2582 4035 ἐκτὸς
