2750 4534
963 264 1519 319 ΙΚΑΡΟΜΕΝΙΠΠΟΣ.
2184 262 2307 321 153

152 439 372 514 λέπος
411 426 452 525 ἢ
496 438 714 520 πυροῦ
755 430 1083 525 ἡμίτομον
1129 438 1248 501 θεῖ
1277 438 1522 522 φέρων.
1596 431 1770 511 εἰκὸς
1816 433 1887 500 δὲ
1919 430 2091 502 εἶναι
2136 427 2301 520 παρ’

156 534 392 616 αὐτοῖς
458 536 624 605 κατὰ
682 536 877 622 λόγον
941 539 1062 602 τοῦ
1117 534 1471 623 μυρμήκων
1534 540 1687 620 βίου
1742 537 1854 602 καὶ
1920 535 2312 620 οἰκοδόμους

151 640 352 719 τινὰς
407 645 518 707 καὶ
565 637 993 765 δημαγωγοὺς
1047 641 1158 705 καὶ
1204 637 1564 722 πρυτάνεις
1620 640 1731 705 καὶ
1788 638 2145 721 μουσικοὺς
2198 642 2313 706 καὶ

157 743 607 829 φιλοσόφους.
653 745 765 808 καὶ
789 767 918 827 μην
945 740 1109 827 αἵγε
1139 734 1377 818 πόλεις
1410 734 1635 818 αὐτοῖς
1660 734 1945 827 ἀνδράσι
1970 754 2121 820 ταῖς
2147 767 2313 827 μυρ-

156 858 436 948 μηκιαῖς
479 842 776 928 μάλιστα
805 840 1114 929 ἐῴκεσαν.
1185 840 1245 908 εἰ
1277 841 1349 907 δέ
1396 864 1506 908 σοι
1552 841 1733 909 δοκεῖ
1772 841 2009 929 μικρὸν
2053 842 2127 909 τὸ
2177 869 2315 909 πα-

159 916 512 1033 ράδειγμα,
557 945 632 1013 τὸ
685 939 1100 1031 ἀνθρώπους
1144 942 1409 1011 εἰκάσαι
1452 946 1535 1032 τῆ
1578 944 1933 1031 μυρμήκων
1979 946 2313 1033 πολιτείᾳ,

158 1046 318 1125 τοὺς
363 1045 702 1123 παλαιοὺς
758 1046 1021 1130 μύθους
1067 1042 1441 1127 ἐπίσκεψαι
1494 1047 1628 1110 τῶν
1678 1045 2061 1111 Θετταλῶν
2123 1042 2315 1132 εὑρή-

163 1173 307 1227 σεις
366 1147 495 1235 γὰρ
552 1147 708 1226 τοὺς
752 1146 1230 1232 Μυρμιδόνας,
1289 1146 1364 1213 τὸ
1425 1146 1897 1230 μαχιμώτατον
1944 1149 2187 1235 φῦλον,
2248 1147 2317 1215 ἐκ

163 1254 524 1338 μυρμήκων
572 1246 818 1336 ἄνδρας
858 1248 1233 1337 γεγονότας.
1324 1247 1557 1339 ἐπειδὴ
1606 1241 1673 1313 δ’
1743 1235 1857 1317 οὖν
1902 1250 2127 1317 πάντα
2175 1252 2317 1318 ἱκα-

169 1358 291 1432 νῶς
359 1352 618 1438 ἑώρατο
675 1355 788 1419 καὶ
850 1350 1362 1437 κατεγεγέλαστό
1424 1377 1573 1435 μοι,
1642 1352 1978 1430 διατείνας
2034 1352 2317 1436 ἐμαυτὸν

168 1448 556 1544 ἀνεπτόμην

319 1550 578 1640 δώματ’
633 1554 701 1634 ἐς
743 1554 1072 1643 αἰγιόχοιο
1116 1553 1288 1632 Διὸς
1328 1553 1498 1639 μετὰ
1545 1556 1867 1640 δαίμονας
1912 1551 2175 1635 ἄλλους.

171 1664 272 1728 20.
334 1654 530 1727 ου’πω
578 1658 851 1725 στάδιον
911 1651 1346 1745 ανεληλύθειν
1392 1660 1501 1723 καὶ
1561 1654 1598 1744 ἡ
1645 1657 1895 1747 Σελήνη
1940 1665 2313 1745 γυναικείαν
2344 1666 2423 1722 20

83 1776 154 1825 *1⁶15
173 1761 406 1849 φωνὴν
461 1765 851 1849 προϊεμένη,
909 1764 1271 1840 Μένιππε,
1331 1764 1570 1848 φησίν,
1632 1753 1841 1839 ου’τως
1892 1786 2115 1841 οναιο,
2174 1762 2319 1829 δια-

172 1863 453 1952 κόνησαί
481 1869 599 1947 μοί
643 1888 711 1930 τι
739 1860 914 1983 πρὸς
941 1864 1060 1928 τὸν
1087 1866 1248 1929 Δία.
1293 1856 1627 1948 Λέγοις”
1582 1889 1682 1943 αν,
1714 1848 1794 1949 ἦν
1840 1855 1903 1928 δ’
1944 1860 2105 1947 ἐγώ·
2148 1861 2318 1947 βαρυ

171 1966 292 2053 γὰρ
342 1960 565 2047 ουδέν,
624 1955 702 2052 ἢν
746 1964 834 2052 μή
883 1990 951 2031 τι
996 1969 1224 2052 φέρειν
1270 1964 1405 2053 δέῃ.
1493 1969 1906 2051 Πρεσβείαν,
1966 1963 2123 2054 ε’φη,
2168 1965 2323 2033 τινὰ

176 2062 245 2136 οὗ
307 2067 612 2156 χαλεπὴν
676 2071 788 2135 καὶ
857 2067 1080 2155 δέησιν
1149 2060 1467 2153 ἀπένεγκε
1532 2067 1700 2153 παρ’
1774 2066 1935 2152 εμοῦ
2000 2071 2098 2154 τῷ
2163 2074 2318 2136 Διί·

177 2164 508 2259 ἀπείρηκα
551 2170 677 2257 γὰρ
713 2165 860 2260 ἤδη,
907 2174 1255 2250 Μένιππε,
1303 2167 1523 2236 πολλὰ
1569 2173 1683 2236 καὶ
1728 2170 1913 2237 δεινὰ
1956 2170 2142 2257 παρα
2186 2175 2319 2237 τῶν

179 2273 576 2361 φιλοσόφων
645 2272 1008 2353 ἀκούουσα,
1077 2271 1182 2349 οἷς
1249 2259 1440 2341 οῧδὲν
1509 2271 1731 2358 ε’τερόν
1789 2273 1967 2341 ἐστιν
2034 2274 2223 2359 ε’ργον
2280 2265 2320 2362 ἢ

177 2370 354 2460 τᾶμὰ
403 2378 1007 2460 πολυπραγμονεῖν,
1051 2380 1156 2451 τίς
1201 2372 1338 2458 εἰμι
1384 2376 1495 2440 καὶ
1542 2365 1867 2463 πηλίκη
1828 2401 1867 2464 η
1909 2378 2019 2441 καὶ
2068 2370 2159 2442 δι’
2210 2368 2323 2463 ήν-

179 2504 322 2546 τινα
374 2477 597 2544 αἰτίαν
629 2477 978 2560 διχότομος
1021 2466 1063 2563 ἢ
1095 2474 1509 2563 ἀμφίκυρτος
1548 2482 1876 2563 γίγνομαι.
1950 2480 2059 2544 καὶ
2107 2479 2323 2562 οἱμὲν

179 2584 646 2649 κατοικεῖσθαί
698 2584 782 2663 μέ
839 2601 1076 2667 φασιν,
1137 2580 1204 2645 οἱ
1255 2578 1328 2645 δὲ
1382 2578 1761 2664 κατόπτρου
1817 2580 2002 2667 δίκην
2058 2578 2323 2665 ἐπικρέ-

181 2689 452 2765 μασθαι
477 2685 559 2770 τῇ
589 2681 916 2768 θαλάττῃ,
962 2683 1026 2747 οἱ
1059 2681 1131 2747 δὲ
1176 2674 1215 2747 3
1244 2707 1312 2747 τι
1355 2670 1437 2747 Bw
1469 2680 1742 2760 ἕκαστος
1773 2680 2094 2771 ἐπινοήσῃ
2125 2684 2320 2749 τοῦτό

181 2811 292 2867 μοι
323 2784 826 2872 προσάπτουσι.
899 2782 984 2849 τὰ
1029 2786 1376 2850 τελευταῖα
1409 2784 1481 2849 δὲ
1516 2786 1627 2850 καὶ
1657 2782 1733 2850 τὸ
1783 2789 1930 2872 φῶς
1962 2779 2122 2852 αὐτὸ
2168 2786 2322 2851 κλο-

184 2888 466 2972 πιμαῖόν
505 2912 579 2954 τε
608 2889 717 2954 καὶ
751 2885 960 2953 νόθον
1005 2882 1180 2953 εἶναί
1222 2892 1343 2970 μοι’
1386 2909 1595 2974 φασιν
1627 2882 1892 2953 ἄνωθεν
1935 2882 2093 2977 ἧκον
2137 2889 2326 2975 παρὰ

184 2995 294 3058 τοῦ
334 2986 600 3070 εΗλίου,
661 2992 771 3055 καὶ
826 2982 902 3055 ού
947 2988 1283 3055 παύονται
1338 2991 1449 3055 καὶ
1507 2988 1682 3075 πρὸς
1722 2990 1959 3057 τοῦτόν
2002 3016 2085 3074 με
2129 2984 2327 3058 ἆδελ-

187 3093 309 3174 spine
373 3086 536 3159 όντα
598 3101 998 3177 συγκροῦσαι
1052 3094 1163 3156 καὶ
1211 3091 1578 3157 στασιάσαι
1628 3092 2189 3219 προαιρούμενοι·
2250 3121 2325 3160 ου

186 3194 301 3280 γὰρ
355 3192 546 3262 ἱκανα
601 3179 681 3283 ἦν
737 3187 964 3271 αυτοῖς
1023 3191 1064 3257 ἃ
1110 3196 1270 3276 περὶ
1329 3186 1534 3259 αὐτοι
1588 3192 1886 3283 εἰρήκασι
1942 3199 2061 3262 τοῦ
2098 3192 2325 3263 Ἡλίου

191 3298 389 3363 λίθου
437 3288 640 3362 αὐτὸν
686 3291 858 3361 εἶναι
900 3298 1012 3363 καὶ
1056 3294 1305 3381 μύδρον
1351 3295 1703 3381 διάπυρον.

358 3404 460 3465 21.
507 3403 752 3465 Καίτοι
796 3396 982 3463 πόσα
1027 3395 1152 3481 ἐγώ
1213 3404 1705 3480 συνεπίσταμαι
1749 3392 1975 3475 αὐτοῖς
2020 3397 2060 3463 ἃ
2108 3399 2324 3482 πράτ-
2360 3404 2430 3461 21

191 3524 377 3569 τουσι
419 3502 553 3565 τῶν
598 3502 846 3565 νυκτῶν
907 3497 1145 3582 αἰσχρὰ
1189 3502 1300 3567 καὶ
1344 3499 1779 3565 κατάπτυστα
1836 3500 1901 3565 οἱ
1943 3494 2107 3584 μεθ’
2170 3497 2325 3589 ἡμέ-

193 3627 307 3683 ραν
367 3604 784 3688 σκυθρωποὶ,
812 3602 924 3666 καὶ
985 3594 1348 3684 ἀνδρώδεις
1393 3599 1465 3667 τὸ
1526 3600 1790 3690 βλέμμα
1833 3604 1943 3669 καὶ
1988 3601 2063 3668 τὸ
2113 3606 2329 3690 σχῆμα

197 3708 420 3788 σεμνοὶ
465 3708 574 3769 καὶ
633 3699 766 3769 ὑπὸ
813 3706 945 3768 τῶν
1004 3702 1290 3769 ἰδιωτῶν
1351 3696 1933 3787 ἆποβλεπόμενοι,·
1986 3697 2163 3789 κάγώ
2207 3706 2328 3788 μὲν

197 3811 399 3874 ταῦτα
429 3803 654 3891 ὁρῶσα
699 3798 881 3888 ὅμως
912 3808 1178 3871 σιωπῶ·
1228 3798 1302 3871 οὗ
1333 3802 1458 3890 γάρ
1502 3800 1789 3891 ἡγοῦμαι
1819 3809 2105 3888 πρέπειν
2151 3800 2329 3874 ἄπο-

117 3908 492 3992 ττθκαλύψαι
533 3911 643 3975 καὶ
693 3907 1105 3995 διαφωτίσαι
1157 3906 1279 3984 τὰς
1324 3905 1700 3993 νυκτερινὰς
1760 3906 2011 3986 ἐκείνας
2071 3908 2329 3997 διατρι-

201 4010 317 4089 βὰς
361 4014 472 4078 καὶ
503 4009 618 4077 τόν
663 4005 796 4076 ὗπό
834 4013 1071 4097 σκηνῆς
1117 4008 1394 4076 ἑκάστου
1423 4014 1593 4094 βίον,
1640 4003 1808 4075 ἄλλα
1841 4004 1961 4077 κάν
2004 4036 2156 4078 τινα
2202 4012 2327 4079 ἰ’δω
