2750 4534
837 262 1120 316 ΟΝΕΙΡΟΣ
1154 263 1197 315 Η
1231 262 1638 316 ΑΔΕΚΤΡΥΩΝ.
2187 259 2309 317 137

141 434 411 521 ἐκείνην
441 431 559 522 τὴν
604 430 860 521 πολλὴν
905 424 1048 519 ἥτις
1094 430 1304 499 ἐστίν·
1353 427 1446 509 ὥς
1487 430 1561 497 τό
1608 457 1679 517 γε
1724 430 2091 509 ἐξελαύνειν
2137 426 2314 498 άπο-

140 529 577 620 βλεπόμενον
640 536 751 601 καὶ
815 533 1153 601 τοσούτων
1220 530 1505 617 ἄρχοντα
1568 535 1680 599 καὶ
1741 532 2315 618 προσκυνούμενον

146 639 530 721 δαιμονίως
587 636 795 704 ἔοικεν
857 631 1108 723 [ὅντως]
1165 639 1262 721 τῷ
1317 636 1726 722 κολοσσιαίῳ
1784 635 2313 721 παραδείγματι·

150 745 544 807 θεσπέσιον
588 737 712 825 γάρ
741 764 808 805 τι
838 740 949 805 καὶ
977 741 1195 805 τοῦτο.
1272 735 1350 803 σὺ
1400 738 1471 804 δὲ
1515 736 1597 803 τὰ
1644 737 1831 805 ἔνδον
1874 733 1997 826 ἤδη
2044 741 2163 803 τοῦ
2205 763 2316 804 κο-

151 845 414 911 λοσσοῦ
459 843 624 928 λέγε.

334 948 632 1011 ΑΛΕΚ.
687 949 771 1011 Τί
816 946 1085 1027 πρῶτον
1131 942 1306 1009 ε’ίπω
1352 964 1492 1023 σοι,
1549 930 1606 1007 αἶ
1648 942 1947 1025 Μικύλε,·
1991 939 2145 1019 τοὺς
2190 937 2317 1030 φό-

153 1054 324 1129 βους
357 1044 582 1112 καὶτὰ
630 1045 914 1128 δείματα
942 1047 1052 1111 καὶ
1084 1040 1395 1130 ὑποψίας
1434 1046 1541 1111 καὶ
1588 1057 1787 1129 μῖσος
1830 1043 1905 1111 τὸ
1953 1043 2141 1128 παρὰ
2185 1048 2318 1111 τῶν

161 1147 503 1215 συνόντων
546 1149 659 1214 καὶ
705 1145 1087 1231 ἐπιβουλάς,
1132 1148 1244 1213 καὶ
1291 1145 1405 1213 διὰ
1449 1150 1659 1213 ταῦτα
1701 1138 1914 1214 ῧπνον
1959 1172 2031 1213 τε
2074 1140 2319 1234 ὀλίγον,

163 1248 582 1324 ἐπιπόλαιον
647 1242 977 1329 κᾶκεῖνον,
1043 1252 1156 1316 καὶ
1211 1252 1507 1341 ταραχῆςο
1562 1246 1775 1333 μεστὰ
1841 1242 2155 1334 ὀνείρατα
2208 1253 2319 1315 καὶ

165 1352 431 1430 ἐννοίας
494 1350 965 1427 πολυπλόκους
1027 1353 1137 1416 καὶ
1208 1349 1490 1428 ἐλπίδας
1545 1344 1651 1418 ἆεὶ
1711 1350 2037 1438 πονηράς,
2103 1341 2145 1441 ἢ
2200 1351 2319 1437 τὴν

165 1448 491 1537 ἆσχολίαν
520 1456 633 1521 καὶ
670 1452 1168 1540 χρηματισμοὺς
1201 1456 1312 1519 καὶ
1359 1454 1546 1531 δίκας
1588 1456 1701 1520 καὶ
1746 1452 2167 1538 ἐκστρατείας
2210 1456 2320 1520 καὶ

166 1556 658 1642 προστάγματα
722 1558 833 1622 καὶ
909 1555 1306 1644 συνθήματα
1377 1560 1489 1623 καὶ
1566 1555 1954 1642 λογισμούς,·
2024 1552 2151 1642 ὑφ’
2228 1550 2321 1623 ὦν

169 1652 326 1725 οὐδὲ
371 1654 535 1743 ὄναρ
582 1650 974 1724 άπολαῦσαί
1016 1682 1197 1735 τινος
1240 1653 1437 1746 ἡδέος
1483 1656 1825 1744 ἐγγίνεται,
1873 1650 2022 1723 ἀλλ’
2076 1652 2319 1744 ἀνάγκη

165 1756 342 1843 ὑπὲρ
417 1755 736 1826 ἁπάντων
808 1757 1013 1843 μόνον
1087 1758 1615 1826 διασκοπεῖσθαι
1690 1762 1798 1826 καὶ
1875 1767 2079 1846 μυρία
2153 1760 2321 1843 ἔχειν

169 1861 568 1948 πράγματα·

67 1978 146 2028 741
341 1956 496 2029 οὐδὲ
537 1960 664 2048 γὰρ
702 1956 1052 2049 Ἀτρείδην
1089 1955 1555 2048 Ἀγαμέμνονα

341 2060 551 2141 ὕπνος
598 2064 702 2147 ἔχε
743 2062 1052 2150 γλυκερὸς
1097 2063 1315 2131 πολλὰ
1363 2066 1603 2153 φρεσὶν
1647 2061 2072 2151 ὁρμαίνοντα,

170 2170 282 2234 καὶ
321 2170 534 2233 ταῦτα
580 2165 941 2254 ῥεγκόντων
962 2160 1252 2247 Ἀχαιῶν
1299 2161 1638 2235 ἁπάντων.
1689 2169 1888 2235 λυπεῖ
1931 2169 2001 2235 δὲ
2044 2168 2160 2235 τὸν
2202 2170 2323 2254 μὲν

171 2267 410 2336 Λυδὸν
453 2264 489 2334 ὅ
539 2266 684 2346 υἱὸς
725 2265 953 2355 κωφὸς
997 2264 1109 2350 ὤν,
1155 2265 1272 2335 τὸν
1314 2273 1583 2356 Πέρσην
1629 2269 1701 2336 δὲ
1747 2272 2081 2356 Κλέαρχος
2129 2272 2324 2359 Κύρῳ

175 2370 566 2455 ξενολογῶν,
627 2365 828 2436 άλλον
887 2370 959 2436 δὲ
1002 2374 1190 2436 Δίων
1248 2369 1423 2457 πρὸς
1474 2360 1588 2448 οὖς
1630 2394 1772 2438 τισι
1814 2376 1949 2437 τῶν
1992 2378 2326 2459 Συρακου-

175 2480 339 2538 σίων
363 2471 964 2556 κοινολογούμενος,
987 2474 1101 2538 καὶ
1121 2465 1558 2557 Ἀλέξανδρον
1584 2479 1985 2558 Παρμενίων
2010 2472 2326 2541 ἐπαινού-

175 2599 372 2658 μενος
417 2576 531 2640 καὶ
575 2572 949 2656 Περδίκκαν
994 2574 1421 2656 Πτολεμαῖος
1464 2576 1573 2640 καὶ
1618 2576 2042 2658 Πτολεμαῖον
2086 2576 2327 2642 Σέλευ-

176 2696 319 2755 κος·
370 2669 540 2742 ἀλλὰ
570 2674 835 2743 κάκεῖνα
881 2678 1097 2756 λυπεῖ,
1144 2671 1179 2741 ὃ
1229 2674 1557 2760 ἐρώμενος
1586 2675 1758 2761 πρὸς
1790 2672 2073 2765 ἀνάγκην
2120 2677 2327 2756 ξυνών

175 2781 285 2845 καὶ
354 2778 684 2853 παλλακὶς
753 2772 934 2863 ἄλλῳ
999 2784 1328 2863 χαίρουσα
1390 2780 1501 2843 καὶ
1570 2771 2090 2867 ἀποστήσεσθαί
2152 2804 2329 2857 τινες

180 2878 523 2966 λεγόμενοι
553 2881 665 2945 καὶ
712 2872 817 2944 δύ’
868 2868 1249 2966 ἢτέτταρες
1293 2883 1426 2945 τῶν
1473 2879 1864 2967 δορυφόρων
1911 2879 2084 2965 πρὸς
2129 2874 2331 2968 άλλή-

180 2985 332 3060 λους
398 2980 1009 3067 διαψιθυρίζοντες.
1096 2980 1172 3047 τὸ
1234 2980 1306 3047 δὲ
1360 2986 1704 3067 μέγιστον,
1771 2979 2171 3071 ὑφορᾶσθαι
2231 2983 2335 3051 δεῖ

179 3083 474 3167 μάλιστα
503 3082 659 3160 τοὺς
705 3082 1068 3171 φιλτάτους
1097 3080 1221 3161 κάξ
1253 3082 1518 3149 ἐκείνων
1549 3077 1661 3150 άεί
1687 3110 1756 3151 τι
1788 3084 2005 3152 δεινὸν
2038 3086 2331 3167 ἐλπίζειν

183 3180 381 3275 ἥξειν.
451 3181 485 3250 ὅ
519 3185 638 3269 μὲν
668 3188 823 3272 γοῦν
867 3181 1002 3251 ὑπὸ
1034 3189 1154 3251 τοῦ
1187 3184 1437 3263 παιδὸς
1466 3180 1813 3253 ἀπέθανεν
1845 3185 1915 3254 ἐκ
1944 3189 2330 3275 φαρμάκων,

185 3288 218 3356 ὁ
277 3289 349 3356 δὲ
404 3289 515 3354 καὶ
575 3281 775 3365 αὐτὸς
829 3283 963 3354 ὑπὸ
1023 3292 1143 3353 τοῦ
1205 3288 1570 3372 ἐρωμένου,
1628 3288 1746 3356 τὸν
1803 3290 1875 3357 δὲ
1920 3286 2121 3369 ἄλλος
2167 3291 2332 3369 ἴσως

187 3389 637 3477 ὁμοιότροπος
681 3390 981 3467 θάνατος
1025 3392 1404 3475 κατέλαβεν.

357 3498 460 3559 26.
507 3498 710 3558 ΜΙΚ.
767 3487 1059 3578 ’Ἀπαγε,
1121 3492 1306 3559 δεινὰ
1349 3496 1561 3559 ταῦτα
1618 3493 1780 3581 φής,
1841 3519 1894 3559 ω
1943 3486 2335 3614 ἀλεκτρυών.
2361 3504 2437 3560 26

90 3611 173 3661 742
191 3595 332 3678 ἐμοὶ
379 3597 536 3680 γοῦν
566 3592 742 3660 πολυ
787 3588 1285 3683 ἀσφαλέστερον
1332 3609 1758 3715 σκυτοτομεῖν
1804 3594 2250 3683 ἐπικεκυφότα
2293 3585 2335 3684 ἢ

191 3704 410 3764 πίνειν
453 3690 591 3763 ἀπὸ
637 3700 881 3783 χρυσῆς
926 3696 1186 3818 φιάλης
1213 3704 1465 3783 κωνείῳ
1511 3686 1551 3784 ἢ
1600 3690 1882 3784 ἀκονίτῳ
1930 3721 2335 3786 συνανακρα-

189 3808 434 3866 θεῖσαν
492 3799 925 3886 φιλοτησίαν·
985 3794 1018 3863 ὅ
1066 3801 1222 3884 γοῦν
1265 3799 1564 3875 κίνδυνος
1610 3797 1757 3882 ἐμοὶ
1801 3804 1953 3884 μέν,
2014 3799 2075 3866 εἰ
2119 3825 2337 3886 παρο-

193 3905 427 3969 λίσθοι
468 3900 543 3967 τὸ
594 3901 858 3984 σμιλίον
902 3903 1012 3966 καὶ
1072 3898 1361 3985 άμάρτοι
1412 3903 1531 3989 τῆς
1572 3904 1778 3986 τομῆς
1820 3904 1936 3987 τῆς
1982 3895 2095 3967 ἐπ’
2149 3896 2335 3984 εὐθύ,

192 4000 414 4089 ὀλίγον
456 4029 524 4070 τι
572 4001 852 4086 αἱμάξαι
895 4001 1050 4081 τοὺς
1107 4002 1465 4081 δακτύλους
1522 4000 1900 4087 ἐντεμόντα·
1960 4004 2025 4071 Οἱ
2086 4004 2188 4086 δέ,
2248 4001 2338 4083 ὥς
