<?xml version="1.0" encoding="UTF-8"?>
<!DOCTYPE html PUBLIC "-//W3C//DTD XHTML 1.0 Transitional//EN"
    "http://www.w3.org/TR/xhtml1/DTD/xhtml1-transitional.dtd">
<html xmlns="http://www.w3.org/1999/xhtml" xml:lang="en" lang="en">
 <head>
  <title>
</title>
<meta http-equiv="Content-Type" content="text/html;charset=utf-8" />
  <meta name='ocr-system' content='tesseract 3.04.00' />
  <meta name='ocr-capabilities' content='ocr_page ocr_carea ocr_par ocr_line ocrx_word'/>
</head>
<body>
  <div class='ocr_page' id='page_1' title='image "./lucianus01sommgoog/lucianus01sommgoog_0148.png"; bbox 0 0 2750 4534; ppageno 0'>
   <div class='ocr_carea' id='block_1_1' title="bbox 420 210 1677 271">
    <p class='ocr_par' dir='ltr' id='par_1_1' title="bbox 420 210 1677 271">
     <span class='ocr_line' id='line_1_1' title="bbox 420 210 1677 271; baseline -0.003 -3"><span class='ocrx_word' id='word_1_1' title='bbox 420 210 542 271; x_wconf 80' lang='lat'><strong><em>132</em></strong></span> <span class='ocrx_word' id='word_1_2' title='bbox 1303 211 1677 267; x_wconf 81' lang='grc' dir='ltr'><strong><em>ΛΟΥΚΙΑΝΟΥ</em></strong></span> 
     </span>
    </p>
   </div>
   <div class='ocr_carea' id='block_1_2' title="bbox 317 366 2685 4041">
    <p class='ocr_par' dir='ltr' id='par_1_2' title="bbox 317 366 2564 1180">
     <span class='ocr_line' id='line_1_2' title="bbox 317 366 2558 467; baseline 0 -22"><span class='ocrx_word' id='word_1_3' title='bbox 317 390 388 445; x_wconf 87' lang='grc'><strong><em>18</em></strong></span> <span class='ocrx_word' id='word_1_4' title='bbox 597 385 693 449; x_wconf 88' lang='grc'><strong><em>18.</em></strong></span> <span class='ocrx_word' id='word_1_5' title='bbox 739 385 1021 450; x_wconf 85' lang='grc' dir='ltr'><strong><em>ΑΛΕΚ.</em></strong></span> <span class='ocrx_word' id='word_1_6' title='bbox 1106 380 1197 450; x_wconf 82' lang='grc' dir='ltr'><strong><em>Τὸ</em></strong></span> <span class='ocrx_word' id='word_1_7' title='bbox 1232 384 1352 467; x_wconf 82' lang='grc' dir='ltr'><strong><em>μὲν</em></strong></span> <span class='ocrx_word' id='word_1_8' title='bbox 1399 376 1586 461; x_wconf 76' lang='grc' dir='ltr'><strong><em>ὅλον,</em></strong></span> <span class='ocrx_word' id='word_1_9' title='bbox 1633 366 1686 447; x_wconf 73' lang='grc' dir='ltr'><em>ὦ</em></span> <span class='ocrx_word' id='word_1_10' title='bbox 1726 378 2024 461; x_wconf 87' lang='grc' dir='ltr'><strong><em>Μικύλε,</em></strong></span> <span class='ocrx_word' id='word_1_11' title='bbox 2074 378 2408 467; x_wconf 84' lang='grc' dir='ltr'><strong><em>σοφιστὴς</em></strong></span> <span class='ocrx_word' id='word_1_12' title='bbox 2454 373 2558 445; x_wconf 75' lang='grc' dir='ltr'><strong><em>ἆν-</em></strong></span> 
     </span>
     <span class='ocr_line' id='line_1_3' title="bbox 418 469 2559 571; baseline -0.001 -23"><span class='ocrx_word' id='word_1_13' title='bbox 418 488 706 565; x_wconf 85' lang='grc' dir='ltr'><strong><em>θρωπος</em></strong></span> <span class='ocrx_word' id='word_1_14' title='bbox 762 469 873 567; x_wconf 77' lang='grc' dir='ltr'><strong><em>ἦν·</em></strong></span> <span class='ocrx_word' id='word_1_15' title='bbox 930 483 1051 571; x_wconf 82' lang='grc' dir='ltr'><strong><em>χρὴ</em></strong></span> <span class='ocrx_word' id='word_1_16' title='bbox 1095 483 1255 570; x_wconf 82' lang='grc' dir='ltr'><strong><em>γάρ,</em></strong></span> <span class='ocrx_word' id='word_1_17' title='bbox 1315 480 1542 568; x_wconf 83' lang='grc' dir='ltr'><strong><em>οἶμαι,</em></strong></span> <span class='ocrx_word' id='word_1_18' title='bbox 1602 482 1899 570; x_wconf 81' lang='grc' dir='ltr'><strong><em>τάληθὲς</em></strong></span> <span class='ocrx_word' id='word_1_19' title='bbox 1944 484 2186 567; x_wconf 88' lang='grc' dir='ltr'><strong><em>λέγειν·</em></strong></span> <span class='ocrx_word' id='word_1_20' title='bbox 2236 477 2454 558; x_wconf 76' lang='grc' dir='ltr'><strong><em>ἄλλως</em></strong></span> <span class='ocrx_word' id='word_1_21' title='bbox 2495 480 2559 546; x_wconf 81' lang='grc' dir='ltr'><strong><em>δὲ</em></strong></span> 
     </span>
     <span class='ocr_line' id='line_1_4' title="bbox 421 578 2560 674; baseline -0.002 -23"><span class='ocrx_word' id='word_1_22' title='bbox 421 578 538 651; x_wconf 76' lang='grc' dir='ltr'><strong><em>οὒκ</em></strong></span> <span class='ocrx_word' id='word_1_23' title='bbox 588 578 999 665; x_wconf 73' lang='grc' dir='ltr'><strong><em>ἀπαίδευτος</em></strong></span> <span class='ocrx_word' id='word_1_24' title='bbox 1057 580 1211 653; x_wconf 80' lang='grc' dir='ltr'><strong><em>ούδὲ</em></strong></span> <span class='ocrx_word' id='word_1_25' title='bbox 1271 585 1671 674; x_wconf 79' lang='grc' dir='ltr'><strong><em>ἀμελέτητος</em></strong></span> <span class='ocrx_word' id='word_1_26' title='bbox 1725 587 1859 651; x_wconf 80' lang='grc' dir='ltr'><strong><em>τῶν</em></strong></span> <span class='ocrx_word' id='word_1_27' title='bbox 1916 585 2284 650; x_wconf 78' lang='grc' dir='ltr'><strong><em>καλλίστων</em></strong></span> <span class='ocrx_word' id='word_1_28' title='bbox 2339 587 2560 668; x_wconf 82' lang='grc' dir='ltr'><strong><em>μαθη-</em></strong></span> 
     </span>
     <span class='ocr_line' id='line_1_5' title="bbox 419 680 2562 775; baseline -0.001 -22"><span class='ocrx_word' id='word_1_29' title='bbox 419 685 668 771; x_wconf 82' lang='grc' dir='ltr'><em>μάτων,</em></span> <span class='ocrx_word' id='word_1_30' title='bbox 716 680 1122 775; x_wconf 69' lang='grc' dir='ltr'><strong><em>ἀπεδήμησα</em></strong></span> <span class='ocrx_word' id='word_1_31' title='bbox 1167 689 1238 755; x_wconf 84' lang='grc' dir='ltr'><strong><em>δὲ</em></strong></span> <span class='ocrx_word' id='word_1_32' title='bbox 1281 692 1395 755; x_wconf 87' lang='grc' dir='ltr'><strong><em>καὶ</em></strong></span> <span class='ocrx_word' id='word_1_33' title='bbox 1442 688 1538 766; x_wconf 81' lang='grc' dir='ltr'><strong><em>εἰς</em></strong></span> <span class='ocrx_word' id='word_1_34' title='bbox 1580 686 1960 773; x_wconf 73' lang='grc' dir='ltr'><strong><em>Αἴγυπτον,</em></strong></span> <span class='ocrx_word' id='word_1_35' title='bbox 2008 681 2099 762; x_wconf 82' lang='grc' dir='ltr'><strong><em>ὥς</em></strong></span> <span class='ocrx_word' id='word_1_36' title='bbox 2142 690 2562 771; x_wconf 84' lang='grc' dir='ltr'><strong><em>συγγενοίμην</em></strong></span> 
     </span>
     <span class='ocr_line' id='line_1_6' title="bbox 420 782 2563 911; baseline -0.001 -58"><span class='ocrx_word' id='word_1_37' title='bbox 420 801 562 865; x_wconf 88' lang='grc' dir='ltr'><strong><em>τοῖς</em></strong></span> <span class='ocrx_word' id='word_1_38' title='bbox 592 788 980 910; x_wconf 82' lang='grc' dir='ltr'><strong><em>προφήταις</em></strong></span> <span class='ocrx_word' id='word_1_39' title='bbox 1011 788 1128 857; x_wconf 78' lang='grc' dir='ltr'><strong><em>ἐπὶ</em></strong></span> <span class='ocrx_word' id='word_1_40' title='bbox 1159 795 1392 911; x_wconf 78' lang='grc' dir='ltr'><strong><em>σοφίᾳ,</em></strong></span> <span class='ocrx_word' id='word_1_41' title='bbox 1440 792 1552 856; x_wconf 87' lang='grc' dir='ltr'><strong><em>καὶ</em></strong></span> <span class='ocrx_word' id='word_1_42' title='bbox 1584 787 1651 866; x_wconf 77' lang='grc' dir='ltr'><strong><em>ἐς</em></strong></span> <span class='ocrx_word' id='word_1_43' title='bbox 1681 786 1766 854; x_wconf 85' lang='grc' dir='ltr'><strong><em>τὰ</em></strong></span> <span class='ocrx_word' id='word_1_44' title='bbox 1798 782 2010 854; x_wconf 89' lang='grc' dir='ltr'><strong><em>αδυτα</em></strong></span> <span class='ocrx_word' id='word_1_45' title='bbox 2050 784 2403 853; x_wconf 77' lang='grc' dir='ltr'><strong><em>κατελθών</em></strong></span> <span class='ocrx_word' id='word_1_46' title='bbox 2436 785 2563 863; x_wconf 77' lang='grc' dir='ltr'><strong><em>ἐξέ-</em></strong></span> 
     </span>
     <span class='ocr_line' id='line_1_7' title="bbox 421 874 2566 976; baseline -0.001 -20"><span class='ocrx_word' id='word_1_47' title='bbox 421 895 649 973; x_wconf 87' lang='grc' dir='ltr'><strong><em>μαθον</em></strong></span> <span class='ocrx_word' id='word_1_48' title='bbox 693 889 818 969; x_wconf 82' lang='grc' dir='ltr'><strong><em>τὰς</em></strong></span> <span class='ocrx_word' id='word_1_49' title='bbox 859 893 1133 976; x_wconf 82' lang='grc' dir='ltr'><strong><em>βίβλους</em></strong></span> <span class='ocrx_word' id='word_1_50' title='bbox 1190 890 1311 969; x_wconf 83' lang='grc' dir='ltr'><strong><em>τὰς</em></strong></span> <span class='ocrx_word' id='word_1_51' title='bbox 1338 886 1541 973; x_wconf 77' lang='grc' dir='ltr'><strong><em>’Ὡρου</em></strong></span> <span class='ocrx_word' id='word_1_52' title='bbox 1598 894 1713 958; x_wconf 92' lang='grc' dir='ltr'><strong><em>καὶ</em></strong></span> <span class='ocrx_word' id='word_1_53' title='bbox 1744 885 2018 970; x_wconf 79' lang='grc' dir='ltr'><strong><em>Ἴσιδος,</em></strong></span> <span class='ocrx_word' id='word_1_54' title='bbox 2070 891 2181 955; x_wconf 88' lang='grc' dir='ltr'><strong><em>καὶ</em></strong></span> <span class='ocrx_word' id='word_1_55' title='bbox 2226 874 2434 967; x_wconf 72' lang='grc' dir='ltr'><strong><em>αὖθις</em></strong></span> <span class='ocrx_word' id='word_1_56' title='bbox 2479 887 2566 961; x_wconf 81' lang='grc' dir='ltr'><strong><em>εἷς</em></strong></span> 
     </span>
     <span class='ocr_line' id='line_1_8' title="bbox 414 981 2564 1080; baseline -0.002 -20.97"><span class='ocrx_word' id='word_1_57' title='bbox 414 986 700 1059; x_wconf 70' lang='grc' dir='ltr'><strong><em>Ἰταλίαν</em></strong></span> <span class='ocrx_word' id='word_1_58' title='bbox 746 992 1113 1070; x_wconf 73' lang='grc' dir='ltr'><strong><em>ἐκπλεύσας</em></strong></span> <span class='ocrx_word' id='word_1_59' title='bbox 1156 985 1330 1059; x_wconf 89' lang='grc' dir='ltr'><strong><em>ούτω</em></strong></span> <span class='ocrx_word' id='word_1_60' title='bbox 1377 992 1668 1080; x_wconf 88' lang='grc' dir='ltr'><strong><em>διέθηκα</em></strong></span> <span class='ocrx_word' id='word_1_61' title='bbox 1710 1015 1869 1068; x_wconf 88' lang='grc' dir='ltr'><strong><em>τους</em></strong></span> <span class='ocrx_word' id='word_1_62' title='bbox 1909 983 2046 1056; x_wconf 79' lang='grc' dir='ltr'><strong><em>κατ’</em></strong></span> <span class='ocrx_word' id='word_1_63' title='bbox 2098 990 2313 1057; x_wconf 75' lang='grc' dir='ltr'><strong><em>ἐκεῖνα</em></strong></span> <span class='ocrx_word' id='word_1_64' title='bbox 2337 981 2564 1075; x_wconf 80' lang='grc' dir='ltr'><strong><em>Ἓλλη-</em></strong></span> 
     </span>
     <span class='ocr_line' id='line_1_9' title="bbox 426 1080 1344 1180; baseline 0.002 -21"><span class='ocrx_word' id='word_1_65' title='bbox 426 1118 562 1175; x_wconf 88' lang='grc' dir='ltr'><strong><em>νας,</em></strong></span> <span class='ocrx_word' id='word_1_66' title='bbox 608 1087 781 1160; x_wconf 76' lang='grc' dir='ltr'><strong><em>ὥστε</em></strong></span> <span class='ocrx_word' id='word_1_67' title='bbox 826 1094 993 1161; x_wconf 85' lang='grc' dir='ltr'><strong><em>θεὸν</em></strong></span> <span class='ocrx_word' id='word_1_68' title='bbox 1038 1080 1196 1180; x_wconf 90' lang='grc' dir='ltr'><strong><em>ηγόν</em></strong></span> <span class='ocrx_word' id='word_1_69' title='bbox 1240 1119 1344 1178; x_wconf 88' lang='grc' dir='ltr'><strong><em>με.</em></strong></span> 
     </span>
    </p>

    <p class='ocr_par' dir='ltr' id='par_1_3' title="bbox 427 1186 2573 1590">
     <span class='ocr_line' id='line_1_10' title="bbox 596 1186 2568 1277; baseline -0.001 -17"><span class='ocrx_word' id='word_1_70' title='bbox 596 1201 798 1260; x_wconf 86' lang='grc' dir='ltr'><strong><em>ΜΙΚ.</em></strong></span> <span class='ocrx_word' id='word_1_71' title='bbox 856 1190 1153 1263; x_wconf 77' lang='grc' dir='ltr'><strong><em>’Ἡκουσα</em></strong></span> <span class='ocrx_word' id='word_1_72' title='bbox 1197 1200 1409 1263; x_wconf 80' lang='grc' dir='ltr'><strong><em>ταῦτα</em></strong></span> <span class='ocrx_word' id='word_1_73' title='bbox 1452 1198 1563 1262; x_wconf 90' lang='grc' dir='ltr'><strong><em>καὶ</em></strong></span> <span class='ocrx_word' id='word_1_74' title='bbox 1610 1190 1702 1272; x_wconf 81' lang='grc' dir='ltr'><strong><em>ὥς</em></strong></span> <span class='ocrx_word' id='word_1_75' title='bbox 1747 1194 2011 1274; x_wconf 82' lang='grc' dir='ltr'><strong><em>δόξειας</em></strong></span> <span class='ocrx_word' id='word_1_76' title='bbox 2055 1186 2568 1277; x_wconf 79' lang='grc' dir='ltr'><strong><em>ἇναβεβιωκέναι</em></strong></span> 
     </span>
     <span class='ocr_line' id='line_1_11' title="bbox 427 1291 2571 1385; baseline -0 -23"><span class='ocrx_word' id='word_1_77' title='bbox 427 1291 804 1364; x_wconf 76' lang='grc' dir='ltr'><strong><em>ἀποθανών</em></strong></span> <span class='ocrx_word' id='word_1_78' title='bbox 868 1300 981 1365; x_wconf 91' lang='grc' dir='ltr'><strong><em>καὶ</em></strong></span> <span class='ocrx_word' id='word_1_79' title='bbox 1039 1294 1127 1376; x_wconf 84' lang='grc' dir='ltr'><strong><em>ὥς</em></strong></span> <span class='ocrx_word' id='word_1_80' title='bbox 1177 1302 1462 1382; x_wconf 76' lang='grc' dir='ltr'><strong><em>χρυσοῦν</em></strong></span> <span class='ocrx_word' id='word_1_81' title='bbox 1527 1296 1644 1364; x_wconf 85' lang='grc' dir='ltr'><strong><em>τὸν</em></strong></span> <span class='ocrx_word' id='word_1_82' title='bbox 1698 1295 1913 1385; x_wconf 87' lang='grc' dir='ltr'><strong><em>μηρὸν</em></strong></span> <span class='ocrx_word' id='word_1_83' title='bbox 1971 1296 2339 1373; x_wconf 76' lang='grc' dir='ltr'><strong><em>ἐπιδείξαιό</em></strong></span> <span class='ocrx_word' id='word_1_84' title='bbox 2410 1321 2571 1363; x_wconf 88' lang='grc' dir='ltr'><strong><em>ποτε</em></strong></span> 
     </span>
     <span class='ocr_line' id='line_1_12' title="bbox 428 1393 2573 1488; baseline -0 -24"><span class='ocrx_word' id='word_1_85' title='bbox 428 1393 672 1477; x_wconf 74' lang='grc' dir='ltr'><strong><em>αὐτοῖς.</em></strong></span> <span class='ocrx_word' id='word_1_86' title='bbox 750 1398 957 1467; x_wconf 79' lang='grc' dir='ltr'><strong><em>ἐκεῖνο</em></strong></span> <span class='ocrx_word' id='word_1_87' title='bbox 1005 1399 1078 1465; x_wconf 88' lang='grc' dir='ltr'><strong><em>δέ</em></strong></span> <span class='ocrx_word' id='word_1_88' title='bbox 1105 1424 1224 1484; x_wconf 90' lang='grc' dir='ltr'><strong><em>μοι</em></strong></span> <span class='ocrx_word' id='word_1_89' title='bbox 1256 1399 1427 1479; x_wconf 82' lang='grc' dir='ltr'><strong><em>εἶπέ,</em></strong></span> <span class='ocrx_word' id='word_1_90' title='bbox 1474 1405 1541 1465; x_wconf 88' lang='grc' dir='ltr'><strong><em>τί</em></strong></span> <span class='ocrx_word' id='word_1_91' title='bbox 1573 1421 1684 1466; x_wconf 92' lang='grc' dir='ltr'><strong><em>σοι</em></strong></span> <span class='ocrx_word' id='word_1_92' title='bbox 1729 1397 1991 1488; x_wconf 79' lang='grc' dir='ltr'><strong><em>ἐπῆλθε</em></strong></span> <span class='ocrx_word' id='word_1_93' title='bbox 2036 1398 2241 1481; x_wconf 90' lang='grc' dir='ltr'><strong><em>νόμον</em></strong></span> <span class='ocrx_word' id='word_1_94' title='bbox 2287 1398 2573 1487; x_wconf 89' lang='grc' dir='ltr'><strong><em>ποιήσα-</em></strong></span> 
     </span>
     <span class='ocr_line' id='line_1_13' title="bbox 428 1495 1926 1590; baseline 0 -23"><span class='ocrx_word' id='word_1_95' title='bbox 428 1506 597 1567; x_wconf 87' lang='grc' dir='ltr'><strong><em>σθαι</em></strong></span> <span class='ocrx_word' id='word_1_96' title='bbox 641 1501 808 1588; x_wconf 86' lang='grc' dir='ltr'><strong><em>μήτε</em></strong></span> <span class='ocrx_word' id='word_1_97' title='bbox 851 1505 1064 1590; x_wconf 81' lang='grc' dir='ltr'><strong><em>κρεῶν</em></strong></span> <span class='ocrx_word' id='word_1_98' title='bbox 1101 1495 1268 1586; x_wconf 88' lang='grc' dir='ltr'><strong><em>μήτε</em></strong></span> <span class='ocrx_word' id='word_1_99' title='bbox 1309 1502 1582 1584; x_wconf 76' lang='grc' dir='ltr'><strong><em>κυάμων</em></strong></span> <span class='ocrx_word' id='word_1_100' title='bbox 1629 1500 1926 1584; x_wconf 80' lang='grc' dir='ltr'><strong><em>ἐσθίειν,</em></strong></span> 
     </span>
    </p>

    <p class='ocr_par' dir='ltr' id='par_1_4' title="bbox 595 1588 2163 1692">
     <span class='ocr_line' id='line_1_14' title="bbox 595 1588 2163 1692; baseline -0.001 -23"><span class='ocrx_word' id='word_1_101' title='bbox 595 1608 890 1670; x_wconf 89' lang='grc' dir='ltr'><strong><em>ΑΛΕΚ.</em></strong></span> <span class='ocrx_word' id='word_1_102' title='bbox 980 1603 1102 1692; x_wconf 89' lang='grc' dir='ltr'><strong><em>Μὴ</em></strong></span> <span class='ocrx_word' id='word_1_103' title='bbox 1148 1598 1458 1685; x_wconf 75' lang='grc' dir='ltr'><strong><em>ἀνάκρινε</em></strong></span> <span class='ocrx_word' id='word_1_104' title='bbox 1498 1607 1730 1683; x_wconf 84' lang='grc' dir='ltr'><strong><em>ταῦτα,</em></strong></span> <span class='ocrx_word' id='word_1_105' title='bbox 1783 1588 1837 1667; x_wconf 78' lang='grc' dir='ltr'><em>ὦ</em></span> <span class='ocrx_word' id='word_1_106' title='bbox 1882 1602 2163 1669; x_wconf 86' lang='grc' dir='ltr'><strong><em>Μικύλε.</em></strong></span> 
     </span>
    </p>

    <p class='ocr_par' dir='ltr' id='par_1_5' title="bbox 597 1702 1714 1788">
     <span class='ocr_line' id='line_1_15' title="bbox 597 1702 1714 1788; baseline 0.001 -17"><span class='ocrx_word' id='word_1_107' title='bbox 597 1712 799 1771; x_wconf 90' lang='grc' dir='ltr'><strong><em>ΜΙΚ.</em></strong></span> <span class='ocrx_word' id='word_1_108' title='bbox 887 1707 1026 1773; x_wconf 86' lang='grc' dir='ltr'><strong><em>Διὰ</em></strong></span> <span class='ocrx_word' id='word_1_109' title='bbox 1070 1712 1157 1786; x_wconf 85' lang='grc' dir='ltr'><strong><em>τί,</em></strong></span> <span class='ocrx_word' id='word_1_110' title='bbox 1203 1732 1256 1771; x_wconf 91' lang='grc' dir='ltr'><strong><em>ω</em></strong></span> <span class='ocrx_word' id='word_1_111' title='bbox 1305 1702 1714 1788; x_wconf 73' lang='grc' dir='ltr'><strong><em>ἆλεκτρυιόνς</em></strong></span> 
     </span>
    </p>

    <p class='ocr_par' dir='ltr' id='par_1_6' title="bbox 429 1800 2579 1995">
     <span class='ocr_line' id='line_1_16' title="bbox 596 1800 2579 1895; baseline -0.001 -22"><span class='ocrx_word' id='word_1_112' title='bbox 596 1811 890 1873; x_wconf 91' lang='grc' dir='ltr'><strong><em>ΑΛΕΚ.</em></strong></span> <span class='ocrx_word' id='word_1_113' title='bbox 962 1801 1112 1875; x_wconf 50' lang='grc' dir='ltr'><strong><em>(Ότι</em></strong></span> <span class='ocrx_word' id='word_1_114' title='bbox 1173 1806 1571 1890; x_wconf 85' lang='grc' dir='ltr'><strong><em>αἰσχύνομαι</em></strong></span> <span class='ocrx_word' id='word_1_115' title='bbox 1630 1810 1841 1893; x_wconf 82' lang='grc' dir='ltr'><strong><em>λέγειν</em></strong></span> <span class='ocrx_word' id='word_1_116' title='bbox 1900 1805 2073 1892; x_wconf 85' lang='grc' dir='ltr'><strong><em>πρὸς</em></strong></span> <span class='ocrx_word' id='word_1_117' title='bbox 2119 1807 2194 1873; x_wconf 79' lang='grc' dir='ltr'><strong><em>σὲ</em></strong></span> <span class='ocrx_word' id='word_1_118' title='bbox 2254 1805 2374 1892; x_wconf 87' lang='grc' dir='ltr'><strong><em>τὴν</em></strong></span> <span class='ocrx_word' id='word_1_119' title='bbox 2420 1800 2579 1895; x_wconf 75' lang='grc' dir='ltr'><strong><em>ἀλή-</em></strong></span> 
     </span>
     <span class='ocr_line' id='line_1_17' title="bbox 429 1904 1130 1995; baseline 0.004 -22"><span class='ocrx_word' id='word_1_120' title='bbox 429 1915 631 1975; x_wconf 89' lang='grc' dir='ltr'><strong><em>θειαν</em></strong></span> <span class='ocrx_word' id='word_1_121' title='bbox 675 1906 846 1995; x_wconf 76' lang='grc' dir='ltr'><strong><em>ὑπὲρ</em></strong></span> <span class='ocrx_word' id='word_1_122' title='bbox 894 1904 1130 1976; x_wconf 73' lang='grc' dir='ltr'><strong><em>αὐτῶν.</em></strong></span> 
     </span>
    </p>

    <p class='ocr_par' dir='ltr' id='par_1_7' title="bbox 436 2005 2675 2203">
     <span class='ocr_line' id='line_1_18' title="bbox 600 2005 2675 2100; baseline 0 -25"><span class='ocrx_word' id='word_1_123' title='bbox 600 2016 806 2077; x_wconf 89' lang='grc' dir='ltr'><strong><em>ΜΙΚ.</em></strong></span> <span class='ocrx_word' id='word_1_124' title='bbox 884 2014 1015 2077; x_wconf 82' lang='grc' dir='ltr'><strong><em>Καὶ</em></strong></span> <span class='ocrx_word' id='word_1_125' title='bbox 1062 2011 1191 2100; x_wconf 87' lang='grc' dir='ltr'><strong><em>μὴν</em></strong></span> <span class='ocrx_word' id='word_1_126' title='bbox 1237 2005 1431 2080; x_wconf 73' lang='grc' dir='ltr'><strong><em>οὐδὲν</em></strong></span> <span class='ocrx_word' id='word_1_127' title='bbox 1476 2005 1689 2078; x_wconf 80' lang='grc' dir='ltr'><strong><em>ὀκνεῖν</em></strong></span> <span class='ocrx_word' id='word_1_128' title='bbox 1728 2009 1850 2100; x_wconf 84' lang='grc' dir='ltr'><strong><em>χρὴ</em></strong></span> <span class='ocrx_word' id='word_1_129' title='bbox 1900 2013 2111 2097; x_wconf 87' lang='grc' dir='ltr'><strong><em>λέγειν</em></strong></span> <span class='ocrx_word' id='word_1_130' title='bbox 2157 2010 2330 2095; x_wconf 86' lang='grc' dir='ltr'><strong><em>πρὸς</em></strong></span> <span class='ocrx_word' id='word_1_131' title='bbox 2376 2007 2675 2095; x_wconf 66' lang='grc' dir='ltr'><strong><em>ἅνδρατθο</em></strong></span> 
     </span>
     <span class='ocr_line' id='line_1_19' title="bbox 436 2107 2508 2203; baseline 0.002 -26"><span class='ocrx_word' id='word_1_132' title='bbox 436 2110 740 2179; x_wconf 84' lang='grc' dir='ltr'><strong><em>σύνοικον</em></strong></span> <span class='ocrx_word' id='word_1_133' title='bbox 784 2117 896 2181; x_wconf 85' lang='grc' dir='ltr'><strong><em>καὶ</em></strong></span> <span class='ocrx_word' id='word_1_134' title='bbox 943 2115 1176 2201; x_wconf 85' lang='grc' dir='ltr'><strong><em>φίλον·</em></strong></span> <span class='ocrx_word' id='word_1_135' title='bbox 1225 2114 1562 2203; x_wconf 80' lang='grc' dir='ltr'><strong><em>δεσπότην</em></strong></span> <span class='ocrx_word' id='word_1_136' title='bbox 1605 2112 1731 2200; x_wconf 84' lang='grc' dir='ltr'><strong><em>γὰρ</em></strong></span> <span class='ocrx_word' id='word_1_137' title='bbox 1778 2108 1895 2179; x_wconf 80' lang='grc' dir='ltr'><strong><em>οὐκ</em></strong></span> <span class='ocrx_word' id='word_1_138' title='bbox 1938 2141 2022 2181; x_wconf 88' lang='grc' dir='ltr'><strong><em>αν</em></strong></span> <span class='ocrx_word' id='word_1_139' title='bbox 2068 2107 2164 2181; x_wconf 71' lang='grc' dir='ltr'><strong><em>ἐτ’</em></strong></span> <span class='ocrx_word' id='word_1_140' title='bbox 2218 2113 2508 2197; x_wconf 80' lang='grc' dir='ltr'><strong><em>ε’ίποιμι.</em></strong></span> 
     </span>
    </p>

    <p class='ocr_par' dir='ltr' id='par_1_8' title="bbox 433 2201 2593 3018">
     <span class='ocr_line' id='line_1_20' title="bbox 602 2201 2585 2305; baseline 0 -24"><span class='ocrx_word' id='word_1_141' title='bbox 602 2219 896 2281; x_wconf 88' lang='grc' dir='ltr'><strong><em>ΑΛΕΚ.</em></strong></span> <span class='ocrx_word' id='word_1_142' title='bbox 995 2210 1205 2284; x_wconf 76' lang='grc' dir='ltr'><strong><em>Οὐδὲν</em></strong></span> <span class='ocrx_word' id='word_1_143' title='bbox 1261 2212 1440 2303; x_wconf 75' lang='grc' dir='ltr'><strong><em>ὑγιὲς</em></strong></span> <span class='ocrx_word' id='word_1_144' title='bbox 1499 2210 1652 2283; x_wconf 76' lang='grc' dir='ltr'><strong><em>οὐδὲ</em></strong></span> <span class='ocrx_word' id='word_1_145' title='bbox 1698 2214 1913 2305; x_wconf 83' lang='grc' dir='ltr'><strong><em>σοφὸν</em></strong></span> <span class='ocrx_word' id='word_1_146' title='bbox 1956 2201 2065 2303; x_wconf 73' lang='grc' dir='ltr'><strong><em>ἦν,</em></strong></span> <span class='ocrx_word' id='word_1_147' title='bbox 2123 2209 2293 2281; x_wconf 75' lang='grc' dir='ltr'><strong><em>ἀλλὰ</em></strong></span> <span class='ocrx_word' id='word_1_148' title='bbox 2339 2214 2585 2300; x_wconf 77' lang='grc' dir='ltr'><strong><em>ἑώρων,</em></strong></span> 
     </span>
     <span class='ocr_line' id='line_1_21' title="bbox 433 2312 2587 2408; baseline -0.001 -23"><span class='ocrx_word' id='word_1_149' title='bbox 433 2312 542 2385; x_wconf 73' lang='grc' dir='ltr'><strong><em>ὅτι</em></strong></span> <span class='ocrx_word' id='word_1_150' title='bbox 588 2318 647 2384; x_wconf 83' lang='grc' dir='ltr'><strong><em>εἰ</em></strong></span> <span class='ocrx_word' id='word_1_151' title='bbox 692 2319 812 2401; x_wconf 84' lang='grc' dir='ltr'><strong><em>μὲν</em></strong></span> <span class='ocrx_word' id='word_1_152' title='bbox 855 2346 940 2385; x_wconf 92' lang='grc' dir='ltr'><strong><em>τα</em></strong></span> <span class='ocrx_word' id='word_1_153' title='bbox 973 2319 1233 2408; x_wconf 90' lang='grc' dir='ltr'><strong><em>συνήθη</em></strong></span> <span class='ocrx_word' id='word_1_154' title='bbox 1279 2322 1394 2386; x_wconf 90' lang='grc' dir='ltr'><strong><em>καὶ</em></strong></span> <span class='ocrx_word' id='word_1_155' title='bbox 1437 2312 1681 2385; x_wconf 74' lang='grc' dir='ltr'><strong><em>ταύτὸν</em></strong></span> <span class='ocrx_word' id='word_1_156' title='bbox 1725 2332 1869 2396; x_wconf 88' lang='grc' dir='ltr'><strong><em>τοῖς</em></strong></span> <span class='ocrx_word' id='word_1_157' title='bbox 1906 2320 2184 2396; x_wconf 86' lang='grc' dir='ltr'><strong><em>πολλοῖς</em></strong></span> <span class='ocrx_word' id='word_1_158' title='bbox 2228 2318 2587 2402; x_wconf 83' lang='grc' dir='ltr'><strong><em>νομίζοιμι,</em></strong></span> 
     </span>
     <span class='ocr_line' id='line_1_22' title="bbox 433 2412 2589 2505; baseline 0 -20"><span class='ocrx_word' id='word_1_159' title='bbox 433 2412 672 2505; x_wconf 76' lang='grc' dir='ltr'><strong><em>ἥκιστα</em></strong></span> <span class='ocrx_word' id='word_1_160' title='bbox 718 2419 1192 2504; x_wconf 78' lang='grc' dir='ltr'><strong><em>ἐπισπάσομαι</em></strong></span> <span class='ocrx_word' id='word_1_161' title='bbox 1236 2422 1392 2498; x_wconf 67' lang='grc' dir='ltr'><strong><em>τοὺς</em></strong></span> <span class='ocrx_word' id='word_1_162' title='bbox 1440 2415 1852 2503; x_wconf 74' lang='grc' dir='ltr'><strong><em>ἀνθρώπους</em></strong></span> <span class='ocrx_word' id='word_1_163' title='bbox 1906 2419 1972 2498; x_wconf 80' lang='grc' dir='ltr'><strong><em>ἐς</em></strong></span> <span class='ocrx_word' id='word_1_164' title='bbox 2014 2417 2090 2486; x_wconf 85' lang='grc' dir='ltr'><strong><em>τὸ</em></strong></span> <span class='ocrx_word' id='word_1_165' title='bbox 2138 2423 2397 2504; x_wconf 87' lang='grc' dir='ltr'><strong><em>θαῦμα,</em></strong></span> <span class='ocrx_word' id='word_1_166' title='bbox 2446 2412 2589 2505; x_wconf 80' lang='grc' dir='ltr'><strong><em>όσῳ</em></strong></span> 
     </span>
     <span class='ocr_line' id='line_1_23' title="bbox 438 2512 2590 2610; baseline 0.002 -23"><span class='ocrx_word' id='word_1_167' title='bbox 438 2515 500 2588; x_wconf 74' lang='grc' dir='ltr'><strong><em>δ’</em></strong></span> <span class='ocrx_word' id='word_1_168' title='bbox 566 2512 648 2588; x_wconf 69' lang='grc' dir='ltr'><strong><em>ὃν</em></strong></span> <span class='ocrx_word' id='word_1_169' title='bbox 693 2522 1041 2606; x_wconf 83' lang='grc' dir='ltr'><strong><em>ξενίζοιμι,</em></strong></span> <span class='ocrx_word' id='word_1_170' title='bbox 1101 2516 1401 2606; x_wconf 84' lang='grc' dir='ltr'><strong><em>τοσούτῳ</em></strong></span> <span class='ocrx_word' id='word_1_171' title='bbox 1461 2521 1854 2606; x_wconf 83' lang='grc' dir='ltr'><strong><em>σεμνότερος</em></strong></span> <span class='ocrx_word' id='word_1_172' title='bbox 1910 2519 2095 2610; x_wconf 74' lang='grc' dir='ltr'><strong><em>ᾤμην</em></strong></span> <span class='ocrx_word' id='word_1_173' title='bbox 2154 2516 2383 2601; x_wconf 72' lang='grc' dir='ltr'><strong><em>αὐτοῖς</em></strong></span> <span class='ocrx_word' id='word_1_174' title='bbox 2443 2524 2590 2591; x_wconf 73' lang='grc' dir='ltr'><strong><em>ἔσε-</em></strong></span> 
     </span>
     <span class='ocr_line' id='line_1_24' title="bbox 438 2618 2591 2715; baseline 0.001 -24"><span class='ocrx_word' id='word_1_175' title='bbox 438 2630 630 2691; x_wconf 87' lang='grc' dir='ltr'><strong><em>σθαι.</em></strong></span> <span class='ocrx_word' id='word_1_176' title='bbox 709 2623 820 2692; x_wconf 83' lang='grc' dir='ltr'><strong><em>διὰ</em></strong></span> <span class='ocrx_word' id='word_1_177' title='bbox 852 2629 1048 2691; x_wconf 84' lang='grc' dir='ltr'><strong><em>τοῦτο</em></strong></span> <span class='ocrx_word' id='word_1_178' title='bbox 1093 2639 1509 2692; x_wconf 86' lang='grc' dir='ltr'><strong><em>καινοποιεῖν</em></strong></span> <span class='ocrx_word' id='word_1_179' title='bbox 1550 2618 1819 2711; x_wconf 80' lang='grc' dir='ltr'><strong><em>εἱλόμην</em></strong></span> <span class='ocrx_word' id='word_1_180' title='bbox 1868 2618 2249 2711; x_wconf 74' lang='grc' dir='ltr'><strong><em>ἀπόρρητον</em></strong></span> <span class='ocrx_word' id='word_1_181' title='bbox 2292 2628 2591 2715; x_wconf 88' lang='grc' dir='ltr'><strong><em>ποιησά-</em></strong></span> 
     </span>
     <span class='ocr_line' id='line_1_25' title="bbox 436 2720 2593 2814; baseline 0.001 -22"><span class='ocrx_word' id='word_1_182' title='bbox 436 2751 633 2809; x_wconf 89' lang='grc' dir='ltr'><strong><em>μενος</em></strong></span> <span class='ocrx_word' id='word_1_183' title='bbox 690 2726 808 2814; x_wconf 86' lang='grc' dir='ltr'><strong><em>τὴν</em></strong></span> <span class='ocrx_word' id='word_1_184' title='bbox 870 2726 1122 2806; x_wconf 81' lang='grc' dir='ltr'><strong><em>αἰτίαν,</em></strong></span> <span class='ocrx_word' id='word_1_185' title='bbox 1181 2721 1272 2803; x_wconf 80' lang='grc' dir='ltr'><strong><em>ὡς</em></strong></span> <span class='ocrx_word' id='word_1_186' title='bbox 1329 2725 1696 2807; x_wconf 84' lang='grc' dir='ltr'><strong><em>εἰκάζοντες</em></strong></span> <span class='ocrx_word' id='word_1_187' title='bbox 1755 2722 1955 2803; x_wconf 71' lang='grc' dir='ltr'><strong><em>ἄλλος</em></strong></span> <span class='ocrx_word' id='word_1_188' title='bbox 2016 2721 2233 2805; x_wconf 67' lang='grc' dir='ltr'><strong><em>ἄλλως</em></strong></span> <span class='ocrx_word' id='word_1_189' title='bbox 2292 2720 2593 2807; x_wconf 70' lang='grc' dir='ltr'><strong><em>ἅπαντες</em></strong></span> 
     </span>
     <span class='ocr_line' id='line_1_26' title="bbox 439 2822 2591 2917; baseline 0 -23"><span class='ocrx_word' id='word_1_190' title='bbox 439 2822 936 2916; x_wconf 73' lang='grc' dir='ltr'><strong><em>ἐκπλήττωνται</em></strong></span> <span class='ocrx_word' id='word_1_191' title='bbox 992 2828 1310 2913; x_wconf 86' lang='grc' dir='ltr'><strong><em>καθάπερ</em></strong></span> <span class='ocrx_word' id='word_1_192' title='bbox 1370 2828 1486 2895; x_wconf 74' lang='grc' dir='ltr'><strong><em>ἐπὶ</em></strong></span> <span class='ocrx_word' id='word_1_193' title='bbox 1545 2842 1688 2907; x_wconf 89' lang='grc' dir='ltr'><strong><em>τοῖς</em></strong></span> <span class='ocrx_word' id='word_1_194' title='bbox 1741 2822 2039 2917; x_wconf 80' lang='grc' dir='ltr'><strong><em>ἇσαφέσι</em></strong></span> <span class='ocrx_word' id='word_1_195' title='bbox 2082 2833 2215 2896; x_wconf 80' lang='grc' dir='ltr'><strong><em>τῶν</em></strong></span> <span class='ocrx_word' id='word_1_196' title='bbox 2253 2836 2591 2917; x_wconf 81' lang='grc' dir='ltr'><strong><em>χρησμῶν.</em></strong></span> 
     </span>
     <span class='ocr_line' id='line_1_27' title="bbox 440 2926 2007 3018; baseline 0.002 -23"><span class='ocrx_word' id='word_1_197' title='bbox 440 2926 636 3017; x_wconf 81' lang='grc' dir='ltr'><strong><em>ὂρᾷς;</em></strong></span> <span class='ocrx_word' id='word_1_198' title='bbox 686 2933 1052 3018; x_wconf 79' lang='grc' dir='ltr'><strong><em>καταγελᾷς</em></strong></span> <span class='ocrx_word' id='word_1_199' title='bbox 1093 2956 1221 3014; x_wconf 89' lang='grc' dir='ltr'><strong><em>μου</em></strong></span> <span class='ocrx_word' id='word_1_200' title='bbox 1267 2934 1376 2998; x_wconf 84' lang='grc' dir='ltr'><strong><em>καὶ</em></strong></span> <span class='ocrx_word' id='word_1_201' title='bbox 1427 2930 1506 2998; x_wconf 77' lang='grc' dir='ltr'><strong><em>σὺ</em></strong></span> <span class='ocrx_word' id='word_1_202' title='bbox 1553 2932 1618 2999; x_wconf 79' lang='grc' dir='ltr'><strong><em>έν</em></strong></span> <span class='ocrx_word' id='word_1_203' title='bbox 1662 2936 1760 3017; x_wconf 78' lang='grc' dir='ltr'><strong><em>τῷ</em></strong></span> <span class='ocrx_word' id='word_1_204' title='bbox 1802 2936 2007 3018; x_wconf 88' lang='grc' dir='ltr'><strong><em>μέρει.</em></strong></span> 
     </span>
    </p>

    <p class='ocr_par' dir='ltr' id='par_1_9' title="bbox 442 3027 2598 3326">
     <span class='ocr_line' id='line_1_28' title="bbox 611 3027 2598 3119; baseline 0.003 -22"><span class='ocrx_word' id='word_1_205' title='bbox 611 3038 812 3097; x_wconf 89' lang='grc' dir='ltr'><strong><em>ΜΙΚ.</em></strong></span> <span class='ocrx_word' id='word_1_206' title='bbox 913 3027 1006 3100; x_wconf 74' lang='grc' dir='ltr'><strong><em>Οὐ</em></strong></span> <span class='ocrx_word' id='word_1_207' title='bbox 1059 3030 1380 3100; x_wconf 71' lang='grc' dir='ltr'><strong><em>τοσοῦτον</em></strong></span> <span class='ocrx_word' id='word_1_208' title='bbox 1440 3027 1601 3101; x_wconf 70' lang='grc' dir='ltr'><strong><em>ὅσον</em></strong></span> <span class='ocrx_word' id='word_1_209' title='bbox 1658 3037 2143 3119; x_wconf 78' lang='grc' dir='ltr'><strong><em>Κροτωνιατῶν</em></strong></span> <span class='ocrx_word' id='word_1_210' title='bbox 2198 3038 2307 3101; x_wconf 86' lang='grc' dir='ltr'><strong><em>καὶ</em></strong></span> <span class='ocrx_word' id='word_1_211' title='bbox 2355 3041 2598 3103; x_wconf 81' lang='grc' dir='ltr'><strong><em>Μετα-</em></strong></span> 
     </span>
     <span class='ocr_line' id='line_1_29' title="bbox 442 3130 2595 3224; baseline 0.004 -26"><span class='ocrx_word' id='word_1_212' title='bbox 442 3140 776 3201; x_wconf 88' lang='grc' dir='ltr'><strong><em>ποντίνων</em></strong></span> <span class='ocrx_word' id='word_1_213' title='bbox 835 3137 943 3201; x_wconf 82' lang='grc' dir='ltr'><strong><em>καὶ</em></strong></span> <span class='ocrx_word' id='word_1_214' title='bbox 1013 3142 1441 3218; x_wconf 87' lang='grc' dir='ltr'><strong><em>Ταραντίνων</em></strong></span> <span class='ocrx_word' id='word_1_215' title='bbox 1496 3140 1605 3202; x_wconf 83' lang='grc' dir='ltr'><strong><em>καὶ</em></strong></span> <span class='ocrx_word' id='word_1_216' title='bbox 1661 3139 1797 3201; x_wconf 81' lang='grc' dir='ltr'><strong><em>τῶν</em></strong></span> <span class='ocrx_word' id='word_1_217' title='bbox 1855 3132 2074 3202; x_wconf 75' lang='grc' dir='ltr'><strong><em>ἄλλων</em></strong></span> <span class='ocrx_word' id='word_1_218' title='bbox 2132 3130 2421 3224; x_wconf 78' lang='grc' dir='ltr'><strong><em>ἀφώνων</em></strong></span> <span class='ocrx_word' id='word_1_219' title='bbox 2484 3162 2595 3207; x_wconf 92' lang='grc' dir='ltr'><strong><em>σοι</em></strong></span> 
     </span>
     <span class='ocr_line' id='line_1_30' title="bbox 443 3232 2597 3326; baseline 0.003 -26"><span class='ocrx_word' id='word_1_220' title='bbox 443 3234 788 3319; x_wconf 76' lang='grc' dir='ltr'><strong><em>ἑπομένων</em></strong></span> <span class='ocrx_word' id='word_1_221' title='bbox 832 3239 943 3302; x_wconf 86' lang='grc' dir='ltr'><strong><em>καὶ</em></strong></span> <span class='ocrx_word' id='word_1_222' title='bbox 989 3232 1537 3324; x_wconf 82' lang='grc' dir='ltr'><strong><em>προσκυνούντων</em></strong></span> <span class='ocrx_word' id='word_1_223' title='bbox 1598 3236 1682 3304; x_wconf 86' lang='grc' dir='ltr'><strong><em>τὰ</em></strong></span> <span class='ocrx_word' id='word_1_224' title='bbox 1728 3238 1871 3326; x_wconf 73' lang='grc' dir='ltr'><strong><em>ἰ’χνη</em></strong></span> <span class='ocrx_word' id='word_1_225' title='bbox 1920 3236 1962 3304; x_wconf 76' lang='grc' dir='ltr'><em>ἃ</em></span> <span class='ocrx_word' id='word_1_226' title='bbox 2008 3238 2089 3304; x_wconf 78' lang='grc' dir='ltr'><strong><em>σὺ</em></strong></span> <span class='ocrx_word' id='word_1_227' title='bbox 2134 3242 2369 3305; x_wconf 80' lang='grc' dir='ltr'><strong><em>πατῶν</em></strong></span> <span class='ocrx_word' id='word_1_228' title='bbox 2417 3234 2597 3307; x_wconf 75' lang='grc' dir='ltr'><strong><em>ἄπο-</em></strong></span> 
     </span>
    </p>

    <p class='ocr_par' dir='ltr' id='par_1_10' title="bbox 339 3333 2685 3531">
     <span class='ocr_line' id='line_1_31' title="bbox 339 3333 2599 3426; baseline 0.003 -22"><span class='ocrx_word' id='word_1_229' title='bbox 339 3349 410 3404; x_wconf 79' lang='grc'><strong><em>19</em></strong></span> <span class='ocrx_word' id='word_1_230' title='bbox 444 3338 825 3425; x_wconf 85' lang='grc' dir='ltr'><strong><em>λιμπάνοις.</em></strong></span> <span class='ocrx_word' id='word_1_231' title='bbox 920 3345 1015 3407; x_wconf 84' lang='grc'><strong><em>19.</em></strong></span> <span class='ocrx_word' id='word_1_232' title='bbox 1075 3333 1587 3423; x_wconf 77' lang='grc' dir='ltr'><strong><em>ἀποδυσάμενος</em></strong></span> <span class='ocrx_word' id='word_1_233' title='bbox 1648 3340 1720 3406; x_wconf 83' lang='grc' dir='ltr'><strong><em>δὲ</em></strong></span> <span class='ocrx_word' id='word_1_234' title='bbox 1770 3340 1888 3407; x_wconf 84' lang='grc' dir='ltr'><strong><em>τὸν</em></strong></span> <span class='ocrx_word' id='word_1_235' title='bbox 1934 3340 2351 3426; x_wconf 77' lang='grc' dir='ltr'><strong><em>Πυθαγόραν</em></strong></span> <span class='ocrx_word' id='word_1_236' title='bbox 2408 3348 2599 3420; x_wconf 90' lang='grc' dir='ltr'><strong><em>τίνας</em></strong></span> 
     </span>
     <span class='ocr_line' id='line_1_32' title="bbox 442 3434 2685 3531; baseline -0.003 -21"><span class='ocrx_word' id='word_1_237' title='bbox 442 3441 890 3531; x_wconf 83' lang='grc' dir='ltr'><strong><em>μετημφιάσω</em></strong></span> <span class='ocrx_word' id='word_1_238' title='bbox 933 3434 1082 3525; x_wconf 72' lang='grc' dir='ltr'><strong><em>μετ’</em></strong></span> <span class='ocrx_word' id='word_1_239' title='bbox 1137 3435 1372 3525; x_wconf 74' lang='grc' dir='ltr'><strong><em>αὗτόνς</em></strong></span> <span class='ocrx_word' id='word_1_240' title='bbox 2613 3454 2685 3505; x_wconf 79' lang='lat'><strong><em>‘131</em></strong></span> 
     </span>
    </p>

    <p class='ocr_par' dir='ltr' id='par_1_11' title="bbox 616 3539 2658 3641">
     <span class='ocr_line' id='line_1_33' title="bbox 616 3539 2658 3641; baseline 0.001 -31"><span class='ocrx_word' id='word_1_241' title='bbox 616 3548 693 3610; x_wconf 89' lang='grc' dir='ltr'><em>Α</em></span> <span class='ocrx_word' id='word_1_242' title='bbox 705 3549 913 3611; x_wconf 90' lang='grc' dir='ltr'><strong><em>ΛΕΚ.</em></strong></span> <span class='ocrx_word' id='word_1_243' title='bbox 979 3539 1362 3612; x_wconf 82' lang='grc' dir='ltr'><strong><em>Ἀσπασίαν</em></strong></span> <span class='ocrx_word' id='word_1_244' title='bbox 1407 3542 1526 3634; x_wconf 86' lang='grc' dir='ltr'><strong><em>τὴν</em></strong></span> <span class='ocrx_word' id='word_1_245' title='bbox 1572 3542 1641 3609; x_wconf 75' lang='grc' dir='ltr'><strong><em>ἐκ</em></strong></span> <span class='ocrx_word' id='word_1_246' title='bbox 1683 3544 1999 3630; x_wconf 80' lang='grc' dir='ltr'><strong><em>Μιλήτου</em></strong></span> <span class='ocrx_word' id='word_1_247' title='bbox 2046 3544 2336 3630; x_wconf 77' lang='grc' dir='ltr'><strong><em>ἑταίραν.</em></strong></span> <span class='ocrx_word' id='word_1_248' title='bbox 2650 3632 2658 3641; x_wconf 38' lang='lat'><strong>·</strong></span> 
     </span>
    </p>

    <p class='ocr_par' dir='ltr' id='par_1_12' title="bbox 445 3640 2599 4041">
     <span class='ocr_line' id='line_1_34' title="bbox 616 3640 2599 3732; baseline 0.002 -21"><span class='ocrx_word' id='word_1_249' title='bbox 616 3652 820 3713; x_wconf 79' lang='lat' dir='ltr'><strong><em>MJK.</em></strong></span> <span class='ocrx_word' id='word_1_250' title='bbox 913 3649 1052 3711; x_wconf 85' lang='grc' dir='ltr'><em>Φεῦ</em></span> <span class='ocrx_word' id='word_1_251' title='bbox 1096 3649 1212 3713; x_wconf 84' lang='grc' dir='ltr'><strong><em>τοῦ</em></strong></span> <span class='ocrx_word' id='word_1_252' title='bbox 1258 3640 1489 3732; x_wconf 81' lang='grc' dir='ltr'><strong><em>λόγου,</em></strong></span> <span class='ocrx_word' id='word_1_253' title='bbox 1536 3647 1645 3711; x_wconf 88' lang='grc' dir='ltr'><strong><em>καὶ</em></strong></span> <span class='ocrx_word' id='word_1_254' title='bbox 1689 3646 1845 3731; x_wconf 85' lang='grc' dir='ltr'><strong><em>γυνὴ</em></strong></span> <span class='ocrx_word' id='word_1_255' title='bbox 1892 3644 2016 3732; x_wconf 80' lang='grc' dir='ltr'><strong><em>γὰρ</em></strong></span> <span class='ocrx_word' id='word_1_256' title='bbox 2064 3646 2132 3713; x_wconf 77' lang='grc' dir='ltr'><strong><em>ἐν</em></strong></span> <span class='ocrx_word' id='word_1_257' title='bbox 2178 3661 2319 3724; x_wconf 91' lang='grc' dir='ltr'><strong><em>τοῖς</em></strong></span> <span class='ocrx_word' id='word_1_258' title='bbox 2365 3642 2599 3726; x_wconf 85' lang='grc' dir='ltr'><strong><em>αλλοις</em></strong></span> 
     </span>
     <span class='ocr_line' id='line_1_35' title="bbox 446 3742 2599 3835; baseline 0.001 -20"><span class='ocrx_word' id='word_1_259' title='bbox 446 3746 480 3815; x_wconf 83' lang='grc' dir='ltr'><strong><em>ό</em></strong></span> <span class='ocrx_word' id='word_1_260' title='bbox 530 3747 947 3834; x_wconf 77' lang='grc' dir='ltr'><strong><em>Πυθαγόρας</em></strong></span> <span class='ocrx_word' id='word_1_261' title='bbox 1007 3747 1288 3834; x_wconf 83' lang='grc' dir='ltr'><strong><em>ἐγένετο,</em></strong></span> <span class='ocrx_word' id='word_1_262' title='bbox 1350 3751 1462 3815; x_wconf 86' lang='grc' dir='ltr'><strong><em>καὶ</em></strong></span> <span class='ocrx_word' id='word_1_263' title='bbox 1522 3774 1601 3835; x_wconf 89' lang='grc' dir='ltr'><strong><em>ην</em></strong></span> <span class='ocrx_word' id='word_1_264' title='bbox 1659 3774 1829 3815; x_wconf 90' lang='grc' dir='ltr'><strong><em>ποτε</em></strong></span> <span class='ocrx_word' id='word_1_265' title='bbox 1882 3748 2118 3833; x_wconf 87' lang='grc' dir='ltr'><strong><em>χρόνος</em></strong></span> <span class='ocrx_word' id='word_1_266' title='bbox 2174 3742 2287 3815; x_wconf 85' lang='grc' dir='ltr'><strong><em>ότε</em></strong></span> <span class='ocrx_word' id='word_1_267' title='bbox 2341 3752 2453 3816; x_wconf 86' lang='grc' dir='ltr'><strong><em>καὶ</em></strong></span> <span class='ocrx_word' id='word_1_268' title='bbox 2519 3751 2599 3817; x_wconf 81' lang='grc' dir='ltr'>σύ</span> 
     </span>
     <span class='ocr_line' id='line_1_36' title="bbox 445 3844 2599 3939; baseline 0.002 -24"><span class='ocrx_word' id='word_1_269' title='bbox 445 3845 791 3937; x_wconf 76' lang='grc' dir='ltr'><strong><em>ᾠοτόκεις,</em></strong></span> <span class='ocrx_word' id='word_1_270' title='bbox 851 3846 904 3914; x_wconf 79' lang='grc' dir='ltr'>ὥ</span> <span class='ocrx_word' id='word_1_271' title='bbox 947 3851 1373 3935; x_wconf 83' lang='grc' dir='ltr'><strong><em>γενναιότατε</em></strong></span> <span class='ocrx_word' id='word_1_272' title='bbox 1419 3844 1899 3935; x_wconf 73' lang='grc' dir='ltr'><strong><em>ἀλεκτρυόνων,</em></strong></span> <span class='ocrx_word' id='word_1_273' title='bbox 1946 3855 2057 3918; x_wconf 87' lang='grc' dir='ltr'><strong><em>καὶ</em></strong></span> <span class='ocrx_word' id='word_1_274' title='bbox 2104 3854 2413 3939; x_wconf 85' lang='grc' dir='ltr'><strong><em>συνῆσθα</em></strong></span> <span class='ocrx_word' id='word_1_275' title='bbox 2459 3859 2599 3919; x_wconf 89' lang='grc' dir='ltr'><strong><em>Πε-</em></strong></span> 
     </span>
     <span class='ocr_line' id='line_1_37' title="bbox 447 3946 2599 4041; baseline 0.001 -22"><span class='ocrx_word' id='word_1_276' title='bbox 447 3956 657 4038; x_wconf 88' lang='grc' dir='ltr'><strong><em>ρικλεῖ</em></strong></span> <span class='ocrx_word' id='word_1_277' title='bbox 714 3946 1065 4019; x_wconf 77' lang='grc' dir='ltr'><strong><em>’Λσπασία</em></strong></span> <span class='ocrx_word' id='word_1_278' title='bbox 1140 3976 1307 4020; x_wconf 91' lang='grc' dir='ltr'><strong><em>ουσα</em></strong></span> <span class='ocrx_word' id='word_1_279' title='bbox 1380 3956 1487 4021; x_wconf 81' lang='grc' dir='ltr'><strong><em>καὶ</em></strong></span> <span class='ocrx_word' id='word_1_280' title='bbox 1558 3952 1764 4031; x_wconf 78' lang='grc' dir='ltr'><strong><em>ἐκύεις</em></strong></span> <span class='ocrx_word' id='word_1_281' title='bbox 1842 3947 1967 4019; x_wconf 78' lang='grc' dir='ltr'><strong><em>απ’</em></strong></span> <span class='ocrx_word' id='word_1_282' title='bbox 2042 3954 2244 4020; x_wconf 76' lang='grc' dir='ltr'><strong><em>αὐτοῦ</em></strong></span> <span class='ocrx_word' id='word_1_283' title='bbox 2317 3956 2427 4020; x_wconf 84' lang='grc' dir='ltr'><strong><em>καὶ</em></strong></span> <span class='ocrx_word' id='word_1_284' title='bbox 2500 3954 2599 4041; x_wconf 90' lang='grc' dir='ltr'><strong><em>έρι</em></strong></span> 
     </span>
    </p>
   </div>
  </div>
 </body>
</html>
