2750 4534
171 1384 231 1424 e.
262 1368 317 1428 8.

173 1586 230 1628 ο.
260 1574 323 1629 9.

136 2187 329 2242 ο.11.

1055 271 1385 326 luAfflNES.
1406 286 1411 293 ·
2176 272 2299 332 1⁷1

356 440 713 508 κινδυνεύει
771 452 892 509 τοῖ’
945 451 1251 523 μεγίστου
1309 496 1323 509 .
1373 497 1387 510 .
1438 497 1451 509 .
1515 449 1819 526 προσδεῖν
1872 444 1897 527 ΙΙ
1940 454 2073 511 καὶ
2131 472 2170 511 κ
2188 472 2262 512 ιν
2278 486 2304 497 -

357 541 677 609 δυνεύει
720 594 738 613 .
770 595 787 611 .
823 596 838 611 .
888 550 1224 627 προσδεῖν,
1275 564 1393 607 om.
1435 542 1516 611 τὰ
1558 554 1829 611 τοιαῦτα
1874 554 2113 610 auctore
2158 550 2302 610 Ddf.

357 650 460 724 qui
503 647 688 708 habet
727 652 837 711 καὶ
883 652 921 711 δ
933 650 962 711 ἑ
1006 643 1365 711 κινδυνείει
1410 681 1496 693 —
1538 656 1717 713 AYK.
1768 645 1975 712 πόθεν
2028 645 2151 713 οὖν
2196 657 2303 714 καὶ

351 756 560 813 ταῦτα
605 756 992 831 πορισαιμεθ
1009 747 1024 769 ’
1069 746 1152 813 ἄν
1191 745 1213 830 Ι
1253 750 1593 811 'rribnimus
1623 750 1775 811 haee
1804 752 2162 831 Polyarato,
2209 756 2303 816 oui

355 852 682 927 respondet
750 852 1046 928 Lyeinus:
1119 854 1705 932 παρακαλέσωμεν
1778 853 1991 929 (det.)
2066 852 2303 936 δηλαδή

353 954 451 1030 (Γ
463 953 622 1016 1824
641 954 734 1031 B)
761 972 872 1031 pro
901 951 940 1035 ἢ
970 956 1527 1035 παρακαλέσαιμεν
1557 950 1632 1036 δὴ
1662 956 1847 1032 (quod
1877 960 1969 1017 est
2002 959 2062 1016 in
2091 957 2303 1036 libris),

353 1052 512 1132 τοὺς
554 1058 869 1137 γραφέαςε
914 1058 1252 1130 „Nimirum
1281 1058 1640 1119 advocemus
1658 1059 1998 1133 pictor-ew,
2042 1059 2203 1135 quod
2237 1064 2303 1119 ut

353 1158 492 1237 fiat,
545 1160 746 1235 paullo
789 1163 956 1236 post:
1008 1164 1118 1222 καὶ
1161 1155 1236 1239 δὴ
1280 1156 1796 1240 παρακεκλήσθω
1814 1212 1829 1237 ,
1888 1164 2169 1237 sequitur.
2222 1184 2303 1217 -ψ

354 1257 521 1325 κατὰ
563 1257 682 1342 τὴν
724 1258 1101 1342 Πακάτην
1143 1256 1166 1343 ΙΙ
1203 1257 1689 1343 Παγκάστην
1734 1261 1883 1323 Gob.

359 1361 450 1439 ὡς
518 1365 936 1444 ἰοβλέφαρον
1003 1359 1463 1444 ἐξεργάσασθαι
1520 1360 1547 1445 ΙΙ
1606 1360 1695 1428 τὸ
1766 1366 2098 1445 βλέφαρον
2167 1362 2313 1425 ῼΓ

355 1464 520 1528 1324
562 1465 640 1529 Β.
1932 1484 1945 1501 ·

357 1563 508 1631 οἶόν
552 1591 613 1629 τι
657 1572 792 1630 τῶν
838 1567 906 1643 ἐξ
950 1564 1244 1648 οὐρανοί
1287 1568 1615 1644 γένοιτο
1662 1561 1685 1648 ΙΙ
1728 1565 1974 1645 γένοιτ’
2004 1564 2086 1631 ἂν
2138 1566 2301 1647 Ddf„

355 1670 577 1729 rectius
611 1667 866 1729 fortasse
913 1668 1142 1729 deletur
1184 1670 1511 1747 γένοιτο
1558 1668 1723 1729 det.
1756 1704 1833 1711 —-
1871 1666 2051 1753 ἐῴκει
2078 1664 2154 1731 τὸ
2187 1671 2306 1744 μέν

353 1796 419 1834 τι
471 1766 1087 1849 ἀναγνώσεσθαι
1131 1769 1157 1849 ΙΙ
1201 1767 1914 1849 ἀναγινώσκεσθαι
1959 1770 2036 1849 A,
2082 1766 2303 1851 ΩΓΒ,

357 1872 650 1933 firmavnm
680 1875 856 1934 etiam
885 1873 1017 1934 eod.
1041 1872 1201 1935 1324
1225 1869 1775 1951 ἄναγνιόσκεσθαι.
1811 1908 1896 1917 —--
1919 1869 2020 1937 ὅπ
2036 1896 2137 1949 ως
2164 1877 2306 1950 μὲν

353 1980 495 2037 ante
530 1972 805 2052 λευκούς
837 1974 859 2055 ΙΙ
891 1994 1017 2037 om.
1049 1976 1217 2037 det.
1255 2010 1332 2020 —
1363 1976 1429 2038 εἰ·
1459 2000 1592 2040 που
1624 1972 1647 2055 ΙΙ
1679 1970 1717 2056 ἦ
1748 2000 1881 2041 που
1911 1977 1990 2041 Β.
2030 2008 2113 2021 --
2143 1973 2306 2040 αὐτὸ

360 2075 434 2159 δὴ
478 2074 570 2141 τὸ
613 2085 759 2142 τοῦ
789 2074 1070 2159 Ὁμήρου
1103 2076 1128 2157 ΙΙ
1157 2078 1406 2141 τοῦτο
1450 2078 1526 2158 A,
1576 2074 1783 2139 ῼΓΒ
1820 2078 1993 2143 1824.

361 2186 471 2243 καὶ
513 2176 928 2260 μεγαλόφρον
961 2177 986 2262 ΙΙ
1017 2186 1126 2243 καὶ
1166 2176 1251 2242 τὸ
1296 2203 1428 2259 μεγ.
1464 2181 1623 2243 1824
1654 2181 1733 2245 Β.
1785 2214 1866 2227 --
1912 2178 2123 2257 α’μέλει
2153 2189 2309 2245 πολ-

364 2279 481 2359 λὰς
536 2280 620 2347 ἄν
677 2299 780 2348 σοι
847 2286 1115 2360 δείξαιμι
1177 2290 1435 2364 μορφῆς
1498 2286 1616 2358 μὲν
1684 2277 1775 2346 εὖ
1842 2280 1941 2364 ἡκ
1966 2307 2002 2346 ο
2026 2280 2194 2347 ύσα
2218 2308 2250 2360 ς
2291 2286 2312 2370 ΙΙ

367 2380 449 2449 εὖ
509 2386 842 2465 ἕχουσας
893 2385 1059 2446 det.
1151 2384 1295 2446 Cum
1349 2385 1700 2461 saepissime
1754 2390 2064 2461 peecatum
2119 2387 2195 2445 sit
2250 2388 2311 2446 in

365 2489 480 2550 hoc
538 2506 649 2549 usu
705 2488 873 2549 verbi
933 2488 1094 2567 ἔχειν
1140 2506 1271 2547 cum
1314 2490 1581 2564 genitivo
1624 2489 1791 2547 iuvat
1846 2505 1979 2547 eum
2024 2490 2310 2564 exemplis

363 2592 662 2651 nonnullis
697 2592 948 2651 sancire.
1024 2589 1114 2651 cf.
1145 2591 1305 2650 Dial.
1349 2593 1587 2649 meretr.
1632 2589 1716 2649 IV
1757 2596 2009 2670 μορφῆς
2054 2588 2312 2669 εὐφυῶς

366 2693 633 2772 ἔχοντες.
709 2690 926 2753 Similis
969 2693 1120 2752 ratio
1163 2691 1433 2767 Sympos.
1521 2710 1576 2751 ο.
1606 2695 1639 2751 8
1686 2688 1777 2767 ὡς
1821 2690 2085 2767 ἕκαστος
2130 2689 2313 2769 α’ξίας

366 2795 510 2874 εἶχε.
590 2795 769 2871 Apol.
810 2799 884 2855 14
929 2789 1110 2869 ὅπως
1141 2794 1261 2873 ἔχει
1307 2799 1581 2869 πίστεως
1625 2798 1732 2856 καὶ
1778 2797 2074 2875 σπουδῆς.
2151 2796 2310 2855 Men.

367 2916 420 2957 c.
457 2902 492 2956 6
539 2893 630 2973 ὡς
673 2896 847 2976 εἶχον
891 2892 1144 2975 τάχους.
1237 2896 1425 2973 Imag.
1472 2913 1525 2955 ο.
1560 2899 1594 2956 3
1642 2892 1824 2971 ὅπως
1868 2903 1979 2977 τῆς
2023 2904 2312 2978 γραμμῆς

365 3000 502 3078 ἔχει.
560 2998 690 3075 Iup.
734 3003 887 3076 trag.
921 3017 974 3059 c.
1011 3004 1042 3057 7
1078 2995 1167 3074 ὡς
1213 2994 1294 3061 ἂν
1339 2994 1498 3079 ἴλης
1542 2995 1580 3079 ἢ
1626 3000 1847 3080 τέχνης
1890 2998 2011 3079 ἔχῃ.
2090 3000 2311 3060 Toxar.

366 3120 419 3161 ο.
456 3105 536 3160 44
584 3095 673 3175 ὥς
705 3124 801 3176 τις
829 3096 867 3179 ἢ
899 3096 1194 3180 γένουςῆ
1228 3094 1525 3164 πλούτου
1560 3099 1697 3179 ἔχει.
1730 3134 1817 3142 —-
1860 3104 1929 3163 εἰ
1966 3095 2051 3180 μὴ
2094 3098 2313 3164 κεκό-

362 3222 630 3283 σμηται
675 3200 697 3283 ΙΙ
737 3194 838 3285 ἢν
893 3198 992 3282 μὴ
1039 3201 1124 3280 A,
1181 3197 1260 3261 Ω
1309 3201 1470 3263 1824
1510 3201 1673 3277 ΒΓ)
1730 3208 1861 3265 καὶ
1914 3209 2313 3284 κοσμῆται

365 3304 510 3365 Ddf.
555 3339 641 3350 —
684 3300 897 3368 ὁπόσα
956 3300 1255 3385 ταύτης
1322 3301 1516 3385 ὄρος
1568 3305 1741 3367 ἐστὶν
1772 3302 2099 3385 ΙΙψυχῆς.
2193 3306 2310 3366 Ve-

361 3408 595 3468 rissime
637 3406 748 3471 Bk.
803 3412 863 3467 et
904 3406 1048 3467 Ddf.
1106 3407 1421 3468 voluerunt
1474 3413 1683 3488 ψυχῆς
1725 3424 1835 3482 pro
1879 3401 2146 3487 ταύτης,
2202 3408 2313 3468 sed

365 3509 611 3570 eosdem
654 3511 834 3569 miror
861 3528 972 3586 pro
1001 3504 1157 3589 ὄρος
1201 3512 1409 3568 eontra
1450 3510 1706 3568 omnium
1750 3507 2017 3567 codicum
2062 3511 2310 3569 auetori-

361 3612 544 3671 tatem
589 3612 903 3687 scripsisse
949 3606 1208 3688 κόσμος,
1254 3609 1617 3685 Madvigium
1656 3604 1870 3689 χορός.
1966 3604 2121 3689 ὄρος
2164 3612 2316 3670 sicut

359 3714 562 3793 πέρας
621 3711 740 3789 (of.
806 3716 905 3787 16)
963 3711 1260 3789 signifieat
1319 3712 1570 3771 alieuius
1624 3712 1714 3771 rei
1780 3709 1954 3770 finem
2012 3710 2115 3789 (cf.
2182 3711 2314 3771 finis

361 3816 650 3876 malornm
681 3814 1083 3893 othonorum)
1128 3815 1228 3873 vel
1257 3830 1559 3873 summam.
1619 3814 1802 3873 Recte
1832 3813 2039 3890 igitur:
2084 3814 2312 3887 „Quot-

363 3926 515 3991 quot
551 3934 882 3978 summae
921 3925 1064 3978 sunt
1106 3916 1299 3976 animi
1342 3916 1660 3976 virtutes.“

151 4037 200 4080 ο.
233 4023 331 4079 12.
361 4025 636 4095 μῦθον
680 4017 864 4082 ἀντὶ
904 4013 1164 4094 μύθου
1198 4011 1222 4098 ΙΙ
1263 4030 1497 4093 μοῖτον
1543 4014 1689 4080 ἀντὶ
1731 4021 1964 4092 μοίτου
2008 4017 2121 4078 Bk.
2170 4018 2311 4079 Ddf.
