2750 4534
315 627 393 682 22

325 1954 403 2008 23

369 3692 404 3743 1

417 244 502 301 40
1319 245 1691 298 ΛΟΥΚΙΑΝΟΥ

417 411 536 480 τὸν
565 411 823 500 καρπὸν
855 406 1218 498 εὐχομένων
1247 415 1458 482 ταῦτά
1488 441 1559 482 τε
1591 407 1754 504 αὗτῇ
1786 428 2194 498 παραμεῖναι
2229 413 2315 480 τὰ
2360 414 2585 501 πτερὰ

422 517 533 580 καὶ
579 513 679 582 ε’τι
722 517 938 582 πλείω
985 515 1283 601 ἐπιρρεῖν
1326 510 1617 601 τάγαθά.

593 623 693 683 22.
752 624 974 683 AYK.
1064 621 1201 685 Καὶ
1258 610 1500 698 ούτως,
1570 643 1622 682 ω
1681 617 2140 704 Πολύστρατε,
2206 623 2586 736 γιγνέσθω·

423 711 578 796 ἇξία
633 719 757 804 γὰρ
806 713 882 786 ού
927 718 1002 786 τὸ
1054 723 1246 803 σῶμα
1303 719 1511 802 μόνον
1555 712 1869 806 ὧσπερη
1830 715 2129 808 υἙλένη
2174 717 2340 807 καλὴ
2388 743 2590 801 ουσα,

421 822 672 887 καλλίω
729 821 800 888 δὲ
857 825 970 888 καὶ
1029 821 1523 908 ἐρασμιωτέραν
1578 816 1701 888 ὕπ’
1768 815 1950 907 αύτῳ
1993 826 2111 910 τῆν
2168 821 2385 910 ψυχὴν
2428 828 2590 888 σκέ-

423 946 669 990 πουσα.
758 923 1013 1010 ε’πρεπε
1071 925 1142 991 δὲ
1198 928 1309 992 καὶ
1370 927 1640 1010 βασιλεῖ
1681 928 1778 1011 τῷ
1833 924 2100 1010 μεγάλῳ
2153 928 2418 1014 χρηστῷ
2463 929 2592 992 καὶ

421 1021 647 1111 ἡμέρῳ
703 1020 850 1093 ὄντι
901 1030 1013 1095 καὶ
1068 1031 1264 1094 τοῦτο
1317 1026 1487 1111 μετὰ
1532 1030 1666 1093 τῶν
1712 1022 1932 1094 ἄλλων
1976 1019 2290 1114 ἀγαθῶν,
2349 1022 2594 1092 ὁπόσα

425 1126 605 1194 ἐστὶν
652 1127 861 1214 αὐτῷ,
923 1123 1434 1216 εὐδαιμονῆσαι,
1498 1124 1587 1207 ὥς
1632 1123 1745 1194 ἐπ’
1812 1123 2014 1195 αὖτοῦ
2058 1131 2167 1196 καὶ
2214 1133 2418 1216 φῦναι
2461 1155 2593 1214 yv-

426 1241 620 1294 ναῖκα
684 1229 998 1318 τοιαύτην
1065 1234 1173 1298 καὶ
1243 1234 1573 1297 συνοῦσαν
1642 1225 1821 1318 αὐτῷ
1887 1236 2141 1298 ποθεῖν
2200 1225 2428 1296 αὐτόν·
2512 1226 2593 1297 οὗ

424 1327 549 1415 γὰρ
617 1330 852 1417 μικρὸν
916 1337 1112 1400 τοῦτο
1183 1327 1641 1420 εὐδαιμόνημα
1706 1332 1895 1420 γυνή,
1966 1335 2125 1416 περὶ
2188 1326 2267 1420 ἧς
2330 1327 2410 1397 ἄν
2478 1358 2595 1411 τις

427 1426 714 1518 εὐλόγως
777 1432 852 1500 τὸ
909 1430 1258 1522 Ὁμηρικὸν
1326 1435 1533 1502 ἐκεῖνο
1591 1435 1807 1515 ε’ίποι,
1871 1440 2140 1521 χρυσείῃ
2197 1435 2319 1518 μὲν
2378 1427 2595 1522 αὐτὴν
2611 1449 2688 1498 482

420 1533 790 1623 Ἀφροδίτῃ
840 1535 1074 1620 ἐρίζειν
1107 1536 1184 1604 τὸ
1231 1537 1493 1618 κάλλος,
1542 1535 1697 1622 ἔργα
1744 1536 1817 1602 δὲ
1862 1531 2027 1623 αὐτῇ
2052 1529 2389 1624 Ἀθηναίῃ
2434 1536 2595 1603 ἰσο-

429 1637 751 1725 φαρίζειν.
838 1643 1160 1724 γυναικῶν
1216 1637 1346 1724 γὰρ
1410 1637 1703 1716 συνόλως
1761 1631 1877 1705 ούκ
1933 1634 2015 1704 ἄν
2071 1661 2174 1714 τις
2231 1641 2595 1727 παραβλη-

426 1745 586 1828 θείη
647 1735 815 1827 αὐτῇ
862 1735 976 1818 ,,ού
1035 1740 1238 1824 δέμας
1283 1734 1437 1806 οὐδὲ
1482 1739 1727 1829 φυήν,“
1776 1744 1983 1829 φησὶν
2008 1733 2332 1827 Ὅμηρος,
2389 1736 2587 1820 ,,οῗ3τ’

431 1831 515 1926 ὄῖρ
563 1847 812 1928 φρένας
855 1838 1008 1908 οὔτε
1048 1869 1116 1910 τι
1161 1841 1380 1928 ἕργα.“
1643 1929 1665 1936 -

605 1949 704 2010 23.
756 1947 990 2010 ΠΟΛ.
1071 1937 1339 2032 Ἀληθῆ
1398 1943 1561 2031 φής,
1620 1939 1673 2009 ὠ
1713 1952 1999 2012 Λυκῖνε·
2058 1937 2232 2011 ὥστε
2276 1943 2339 2011 εἰ
2384 1945 2593 2026 δοκεῖ,

433 2039 870 2129 ἀναμίξαντες
925 2041 1048 2132 ἤδη
1108 2044 1230 2123 τὰς
1289 2045 1579 2132 εἰκόνας,
1635 2039 1717 2135 ἥν
1772 2072 1845 2114 τε
1902 2046 1981 2113 σὺ
2030 2041 2415 2124 ἀνέπλασας
2460 2045 2691 2128 τὴν483

431 2151 549 2214 τοῦ
596 2148 902 2231 σώματος
945 2151 1056 2215 καὶ
1105 2147 1183 2234 ἃς
1229 2146 1351 2235 ἐγώ
1398 2152 1519 2238 τῆς
1560 2152 1778 2238 ψυχῆς
1823 2147 2247 2236 ἐγραψάμην,
2308 2155 2468 2232 μίαν
2522 2148 2601 2228 ἐξ

435 2246 717 2316 ἁπασῶν
785 2255 1140 2329 συνθέντες
1207 2249 1272 2328 ἐς
1341 2252 1607 2335 βιβλίον
1671 2255 2118 2335 καταθέμενοι
2192 2255 2597 2337 παρέχωμεν

434 2345 656 2418 ἅπασι
707 2351 1080 2436 θαυμάζειν
1137 2366 1282 2430 τοῖς
1338 2378 1412 2419 τε
1458 2356 1572 2418 νῦν
1631 2339 1778 2420 ούσι
1834 2355 1948 2420 καὶ
2003 2366 2145 2430 τοῖς
2204 2351 2273 2418 ἐν
2326 2349 2597 2440 ὑστέρῳ

436 2453 810 2539 ἐσομένοις,
870 2455 1317 2542 [μονιμωτέρα
1365 2458 1523 2540 γοῦν
1578 2459 1711 2522 τῶν
1758 2448 2093 2522 ’Λπελλοῦ
2146 2457 2258 2521 καὶ
2303 2462 2597 2542 Παρρα-

437 2564 583 2624 σίου
631 2559 743 2624 καὶ
787 2557 1242 2645 Πολυγνώτου·
1281 2551 1527 2643 γένοιτ’
1593 2547 1673 2622 ὃν
1732 2551 1895 2645 αὐτὴ
1954 2560 2066 2624 καὶ
2126 2555 2351 2644 ἐκείνῳ
2396 2557 2595 2641 παρὰ

437 2658 610 2727 πολὺ
656 2663 790 2727 τῶν
830 2655 1154 2745 τοιούτων
1195 2664 1675 2748 κεχωρισμένη,
1736 2652 1875 2746 ὅσῳ
1932 2658 2021 2748 μὴ
2077 2658 2271 2736 ξύλου
2317 2661 2426 2725 καὶ
2471 2673 2695 2748 aeq-484

437 2767 556 2845 ροῦ
598 2765 710 2830 καὶ
765 2762 1134 2850 χρωμάτων
1178 2767 1585 2850 πεποίηται,
1647 2755 1816 2827 ἀλλὰ
1859 2776 2011 2840 ταῖς
2054 2760 2242 2847 παρὰ
2288 2766 2597 2828 Μουσῶν

437 2863 831 2943 ἐπιπνοίαις
877 2863 1224 2952 ε’ίκασται,]
1271 2863 1517 2950 ε’ίπερ
1564 2859 2123 2950 ἀκριβεστάτη
2172 2861 2414 2930 εἰκὼν
2458 2870 2595 2949 γέ-

435 2960 638 3034 νοιτ’
694 2957 786 3033 ἂν
832 2966 1215 3050 σώματος
1257 2964 1560 3043 κάλλος
1602 2969 1738 3032 καὶ
1787 2969 2048 3051 ψυχῆς
2094 2958 2397 3054 ἀρετὴν
2431 2965 2597 3049 ἅμα

435 3068 1037 3157 ἐμφανίζουσα.

1318 3259 1722 3266 -ῂ--υ-

867 3491 1204 3572 YHEP
1248 3490 1499 3571 ΤΩΝ
1542 3489 2159 3571 ΕΪΚΟΝῼΝ.

621 3688 673 3747 1.
722 3683 1451 3748 ΠΟΛΥΣΤΡΑΤΟΣ.
1531 3672 1688 3765 Ἐγώ
1749 3701 1889 3754 σοι,
1948 3705 1999 3743 ω
2044 3687 2329 3759 Λυκῖνε,
2390 3683 2603 3766 φησὶν

439 3780 480 3874 ἡ
541 3777 730 3872 γυνή,
789 3781 874 3848 τὰ
930 3783 1052 3867 μὲν
1110 3778 1280 3849 α’λλα
1338 3779 1594 3869 πολλὴν
1654 3780 1905 3848 ενεῖδον
1949 3779 2067 3869 τὴν
2112 3776 2377 3848 εύνοιαν
2422 3780 2599 3866 πρὸς

446 3886 560 3970 ἐμὲ
616 3889 726 3952 καὶ
785 3885 982 3973 τιμὴν
1039 3884 1108 3952 ἐκ
1164 3889 1282 3951 τοῦ
1339 3881 1881 3970 συγγράμματος·
1942 3878 2017 3948 ού
2076 3881 2200 3968 γὰρ
2260 3908 2341 3948 αν
2388 3875 2601 3962 οἱῖτως

444 3982 853 4075 ύπερεπήνει
911 4012 1045 4068 τις,
1106 3987 1166 4054 εἰ
1221 3985 1307 4075 μὴ
1365 3989 1477 4054 καὶ
1534 3977 1683 4068 μετ’
1751 3978 2013 4061 εὐνοίας
2056 3989 2461 4073 συνέγραφε·
2520 3984 2597 4051 τὸ

2741 2739 2744 2850 Ξ
