2750 4534
451 242 490 299 4
1324 247 1734 310 [ΔΟΥΚΙΑΝΟΥ]

452 418 979 500 παρῳκισμένον.
1080 411 1171 492 ὦς
1233 408 1296 481 δ’
1362 415 1543 505 ἐνῆν,
1610 415 1871 494 πάντας
1929 416 2329 502 ἐπιχωρίους
2393 420 2599 498 θεοὺς

451 516 918 605 προσκυνήσας
958 520 1071 584 καὶ
1100 523 1240 584 Δία
1271 517 1485 596 ξένιον
1514 519 1675 585 ἵλεω
1708 515 2245 608 συνεφάψασθαι
2274 526 2392 610 τῆς
2424 516 2702 589 ἄπο-404

455 618 668 706 δήμου
713 625 1066 703 στρατείας
1110 619 1674 704 ἐπικαλεσάμενος
1720 615 1847 687 ἀπ’
1886 617 2123 701 ἄστεος
2160 617 2364 710 ὂρικῴ
2394 624 2602 710 ζεύγει

451 720 720 808 κατῄειν
767 721 883 789 ἐπὶ
912 721 1296 789 θάλατταν·
1344 721 1491 791 εἶτα
1534 725 1691 802 τοὺς
1735 726 2322 809 παραπέμποντάς
2364 751 2448 810 με
2486 727 2601 794 δε-

456 823 866 907 ξιωσάμενος
907 860 994 872 --
1035 817 1398 914 ἠκολούθει
1445 826 1515 893 δὲ
1560 827 1879 904 παιδείας
1924 827 2215 916 λιπαρὴς
2259 824 2483 911 ὄχλος,
2536 834 2602 896 οἳ

453 928 714 1008 συνεχὲς
771 923 928 1015 ἡμῖν
973 927 1468 1013 ἐντυγχάνοντες
1524 922 1814 1015 ἀνιαρῶς
1868 929 2309 1016 διεζεύγνυντο
2355 969 2439 980 --
2481 937 2603 1018 τῆς

455 1029 756 1117 πρύμνης
814 1028 1056 1114 ἐπιβὰς
1121 1029 1305 1117 ἐγγὺς
1363 1030 1648 1115 ἐμαυτὸν
1703 1031 1945 1117 ἵδρυσα
2006 1036 2127 1099 τοῦ
2156 1033 2597 1154 κυβερνήτου.

453 1135 564 1197 καὶ
612 1134 832 1218 ροθίῳ
889 1157 984 1218 τῳ
1045 1136 1180 1198 τῶν
1226 1132 1564 1218 ἐλατήρων
1618 1131 1786 1217 μετὰ
1846 1133 2081 1218 μικρὸν
2140 1129 2277 1201 άπὸ
2324 1139 2441 1224 τῆς
2482 1140 2601 1222 γῆς

457 1227 890 1315 ἀναχθέντες,
951 1232 1184 1323 ἐπειδὴ
1241 1234 1424 1317 μάλα
1479 1237 1591 1301 καὶ
1636 1234 1921 1304 κατόπιν
1978 1232 2153 1320 ἡμᾶς
2202 1236 2599 1321 ἐποίμαινον

456 1362 685 1417 αυραι,
745 1336 860 1402 τὸν
908 1335 1094 1403 ἱστὸν
1160 1335 1230 1403 ἐκ
1271 1345 1405 1402 τῶν
1460 1340 1869 1421 μεσοκοίλων
1930 1334 2209 1425 ἄραντες
2262 1347 2598 1427 καρχησίω

453 1437 529 1503 τὸ
576 1443 770 1520 κέρας
826 1441 1426 1522 προσεστείλαμεν·
1486 1434 1609 1506 εἶτ’
1664 1439 1928 1526 ἀθρόας
1977 1439 2146 1506 κατὰ
2206 1445 2338 1507 τῶν
2381 1441 2601 1506 κάλων

453 1540 576 1618 τὰς
605 1535 862 1620 ὀθόνας
907 1540 1239 1624 ἐκχέαντες
1281 1535 1497 1631 ἠρέμα
1541 1544 2021 1627 πιμπλαμένου
2065 1547 2186 1610 τοῦ
2216 1546 2397 1611 λίνου
2442 1569 2566 1610 κατ

456 1636 648 1710 οὐδὲν
693 1640 885 1726 οἶμαι
926 1645 1162 1728 βέλους
1205 1643 1509 1712 ἐλάττονι
1554 1645 1751 1734 ῥοίζῳ
1800 1644 2225 1729 διιπτάμεθα
2266 1645 2436 1732 βαρὺ
2480 1650 2602 1711 τοῦ

454 1745 742 1829 κύματος
797 1743 1354 1833 ὗποβρυχωμένου
1414 1751 1571 1831 περὶ
1628 1746 1748 1834 τὴν
1795 1747 2143 1831 σχίζουσαν
2202 1742 2360 1815 αὐτὸ
2409 1751 2600 1834 πρῴ-

387 1853 419 1905 7
457 1874 595 1933 ραν.
688 1854 744 1913 7.
791 1841 939 1913 ἀλλ’
992 1840 1036 1914 δι’
1079 1874 1152 1934 γε
1193 1849 1324 1936 μὴν
1370 1849 1439 1915 ἐν
1480 1853 1578 1935 τῷ
1621 1849 1867 1933 μεταξὺ
1914 1849 2255 1937 παράπλῳ
2304 1850 2601 1936 σπουδῆς

453 1943 495 2039 ἢ
541 1951 826 2029 παιδιᾶς
871 1950 1147 2034 ἐχόμενα
1193 1956 1592 2039 συνηνέχθη,
1650 1950 1880 2038 καιρὸς
1926 1946 2001 2018 ού
2047 1951 2224 2019 πάνυ
2269 1951 2598 2039 μηκύνειν.

455 2051 546 2132 ὥς
578 2054 649 2121 δὲ
694 2058 812 2142 τῆς
841 2056 1156 2131 Κιλικίας
1198 2053 1318 2142 τὴν
1360 2054 1611 2141 ἔφαλον
1657 2049 2069 2140 ἀμείψαντες
2114 2054 2438 2139 εἰχόμεθα
2480 2059 2700 2121 τοῦ405
2748 2141 2750 2150 Ι

453 2160 864 2245 Παμφυλίου
908 2157 1183 2238 κόλπου,
1229 2158 1640 2236 Χελιδονέας
1681 2153 2130 2242 ὖπερθέοντες
2175 2151 2291 2223 ούκ
2343 2151 2598 2241 ἀμοχθὶ

454 2258 608 2337 τοὺς
666 2253 951 2342 εὐτυχεῖς
1008 2263 1125 2349 τῆς
1182 2262 1484 2336 παλαιᾶς
1521 2255 1827 2337 Ἑλλάδος
1882 2251 2110 2344 ὅρους,
2171 2258 2408 2346 ἑκάστῃ
2466 2264 2601 2324 τῶν

454 2366 817 2428 Λυκιακῶν
875 2361 1139 2429 πόλεων
1198 2360 1697 2445 ἐπεξενούμεθα
1747 2361 1998 2445 μύθοις
2056 2360 2143 2428 τὰ
2187 2362 2408 2428 πολλὰ
2445 2369 2601 2444 χαί-

457 2483 713 2546 ροντες·
775 2458 965 2530 οὐδὲν
1019 2463 1146 2551 γὰρ
1206 2465 1274 2531 ἐν
1322 2458 1556 2542 αὐταῖς
1614 2465 1827 2551 σαφὲς
1874 2458 2299 2547 εὐδαιμονίας
2358 2459 2603 2549 ὁρᾶται

458 2570 813 2653 λείψανον·
867 2561 1016 2654 ἄχρι
1059 2571 1177 2654 τῆς
1214 2564 1530 2644 Ἡλιάδος
1573 2563 1915 2653 ἁψάμενοι
1952 2562 2173 2633 Ῥόδου
2217 2565 2292 2634 τὸ
2343 2566 2605 2648 συνεχὲς

454 2672 573 2734 τοῦ
619 2666 912 2756 [μεταξὺ]
972 2671 1148 2735 πλοῦ
1204 2669 1667 2736 διαναπαῦσαι
1723 2667 1896 2756 πρὸς
1952 2661 2178 2752 ὀλίγον
2236 2667 2602 2752 ἐκρίναμεν.

388 2783 424 2838 8
462 2773 521 2836 8.
569 2772 633 2837 οἷ
663 2773 784 2854 μὲν
830 2757 944 2838 οὖν
975 2771 1194 2858 ἐρέται
1237 2771 1312 2838 τὸ
1348 2771 1606 2859 σκάφος
1642 2770 1875 2849 ἕξαλον
1922 2769 1988 2849 ἐς
2015 2774 2134 2860 γῆν
2166 2764 2605 2837 ἀνασπάσαν-

454 2896 564 2949 τες
609 2872 794 2958 ἐγγὺς
840 2871 1246 2958 ἐσκήνωσαν,
1307 2873 1433 2959 ἐγώ
1483 2869 1546 2938 δ’
1600 2867 2117 2960 εὖτρεπισμένου
2161 2899 2281 2956 μοι
2326 2872 2604 2950 ξενῶνος

458 2969 826 3058 ἀπαντικρὺ
891 2979 1009 3041 τοῦ
1064 2981 1429 3042 Διονυσίου
1492 2974 1661 3042 κατὰ
1728 2975 1965 3062 σχολὴν
2030 2975 2337 3059 ἐβάδιζον
2393 2971 2603 3057 ὓπερ-

457 3081 667 3166 φυοῦς
712 3072 1150 3156 ἀπολαύσεως
1195 3077 1729 3162 ἐμπιπλάμενος·
1778 3078 1922 3145 ἔστι
1963 3075 2088 3162 γὰρ
2134 3072 2342 3154 ὅντως
2383 3072 2423 3162 ἡ
2468 3078 2602 3142 πό-

458 3181 560 3257 λις
596 3177 825 3247 Ἡλίου
871 3185 1133 3266 πρέπον
1179 3181 1419 3262 ἔχουσα
1462 3183 1559 3266 τῷ
1602 3183 1750 3265 θεῷ
1792 3178 1867 3245 τὸ
1913 3178 2172 3257 κάλλος.
2248 3179 2602 3263 ἐκπεριιών

458 3283 529 3348 δὲ
559 3281 680 3360 τὰς
715 3282 784 3348 ἐν
811 3308 905 3369 τῳ
938 3288 1280 3400 Διονυσίῳ
1327 3280 1531 3359 στοὰς
1561 3281 1839 3370 ἑκάστην
1883 3281 2146 3369 γραφὴν
2174 3281 2603 3348 κατώπτευον

458 3411 597 3468 αμα
649 3410 742 3470 τῳ
793 3390 1109 3472 τέρποντι
1165 3388 1283 3471 τῆς
1327 3380 1557 3468 οψεως
1598 3380 1921 3470 ἦρωῖκους
1976 3383 2237 3466 μύθους
2283 3377 2602 3450 άνανεού-

454 3504 681 3570 μενος·
741 3480 904 3552 ευθὺ
958 3487 1083 3572 γάρ
1139 3512 1256 3569 μοι
1315 3481 1423 3552 δύ’
1490 3477 1532 3575 ἢ
1574 3499 1753 3568 τρεῖς
1810 3484 2315 3609 προσερρύησαν
2373 3480 2602 3571 ὀλίγου

459 3588 780 3676 διάφοροι
823 3591 1053 3655 πᾶσαν
1099 3589 1403 3674 ἱστορίαν
1448 3582 1931 3676 αφηγούμενοι·
1976 3586 2061 3652 τὰ
2109 3586 2179 3652 δὲ
2224 3586 2444 3652 πολλὰ
2488 3589 2703 3653 καὶωῦ

386 3701 425 3757 9
464 3686 663 3768 αὐτὸς
721 3689 984 3778 εικασίᾳ
1035 3684 1571 3777 προύλάμβανον.
1659 3696 1719 3758 9.
1774 3684 1899 3778 η’δη
1960 3688 2031 3755 δὲ
2074 3692 2192 3773 τῆς
2234 3693 2406 3766 θέας
2451 3679 2604 3766 άλις

458 3793 672 3875 ἔχοντι
725 3797 835 3860 καὶ
895 3794 1342 3879 διανοουμένῳ
1399 3818 1515 3876 μοι
1566 3791 1863 3876 βαδίζειν
1922 3790 2149 3857 σ’ίκαδε
2204 3790 2278 3858 τὸ
2327 3784 2601 3877 ἥδιστον

459 3894 572 3961 ἐπὶ
621 3894 804 3984 ξένης
850 3888 1190 3984 ἀπήντησέ
1239 3920 1356 3979 μοι
1400 3895 1655 3979 κέρδος,
1715 3889 1948 3978 ἄνδρες
1992 3893 2062 3960 ἐκ
2104 3895 2402 3960 παλαιοῦ
2439 3893 2601 3975 χρό-

458 4024 572 4066 νου
619 3998 964 4080 συνύθεις,
1012 3996 1126 4077 οὓς
1170 3992 1314 4066 οὐδ’
1368 3991 1567 4076 αὐτὸς
1611 3991 1873 4084 ἀγνοεῖν
1917 4022 2037 4081 μοι
2078 3997 2295 4074 δοκεῖς
2340 3996 2603 4061 πολλά-
