2750 4534
9 602 118 655 671

928 224 1091 277 ΖΕΥΣ
1124 222 1496 277 ΤΡΑΓΩιΔΟΣ.
2174 222 2291 282 107

307 394 525 457 ΠΟΣ.
615 394 751 459 Καὶ
812 395 943 482 μὴν
1003 391 1328 476 ἐπίτομόν
1378 418 1532 460 τινα
1573 391 1820 478 ταύτην
1862 392 2064 479 ἔγωγε
2109 390 2295 481 ᾤμην

141 490 642 581 ἐπινενοηκέναι
685 492 862 580 πρὸς
904 494 1024 583 τὴν
1069 502 1272 583 νίκην.
1944 538 1949 545 -

309 600 566 661 ΖΕΥΣ.
641 592 941 681 ’Ἀπαγε,
1002 598 1344 673 θυννῶδες
1388 593 1463 662 τὸ
1514 594 1899 684 ἐνθύμημα,
1947 583 2001 660 ῶ
2044 598 2295 664 Πόσει-

139 697 288 779 δον,
359 701 474 764 καὶ
517 697 760 785 κομιδῇ
813 699 1050 784 τραχύ,
1109 712 1549 786 προαναιρεῖν
1604 697 1721 765 τὸν
1778 692 2291 786 ἀνταγωνιστήν,

137 795 228 877 ῶς
297 793 626 887 ἀποθάνῃ
695 795 1017 889 ἀήττητος
1086 795 1509 890 ἀμφήριστον
1577 801 1675 868 ἔτι
1739 804 1851 867 καὶ
1910 795 2294 884 ἀδιάκριτον

133 900 536 968 καταλιπών
579 900 698 969 τὸν
743 901 957 988 λόγον.

307 1006 526 1070 ΠΟΣ.
625 997 878 1071 Οὐκοῦν
936 1000 1209 1088 ἄμεινόν
1251 1030 1319 1070 τι
1361 1002 1550 1087 ὑμεῖς
1595 1000 1756 1071 ἄλλο
1812 1003 2173 1086 ἐπινοεῖτε,
2234 1004 2294 1071 εἰ

133 1099 322 1189 τᾶμὰ
373 1104 585 1185 οῧτως
627 1103 782 1191 ύμῖν
829 1101 1426 1175 ἀποτεθύννισται.

311 1213 417 1275 26.
465 1212 779 1277 ΑΠΟΛ.
827 1210 910 1276 Εἰ
936 1212 1048 1278 καὶ
1077 1223 1219 1288 τοῖς
1247 1214 1424 1287 νέοις
1470 1209 1571 1276 ἔτι
1611 1211 1720 1275 καὶ
1770 1202 2091 1295 ἀγενείοις
2133 1205 2291 1298 ἡμῖν
2321 1216 2396 1274 26

135 1310 372 1399 ἐφεῖτο
433 1308 502 1376 ἐκ
544 1315 663 1378 τοῦ
709 1311 914 1395 νόμου
963 1312 1389 1400 δημηγορεῖν,
1446 1310 1613 1389 ἰ’σως
1658 1301 1737 1379 ἂν
1784 1308 1979 1379 εἶπόν
2021 1338 2092 1378 τι
2138 1312 2295 1395 ξυμ-

135 1417 352 1499 φέρον
397 1410 465 1489 ἐς
507 1412 628 1502 τὴν
675 1413 1054 1499 διάσκεψιν.

309 1517 565 1581 ΜΩΜ.
646 1512 736 1582 Ἡ
770 1517 890 1600 μὲν
937 1524 1208 1601 σκέψις,
1257 1501 1311 1580 ῶ
1341 1511 1707 1596 ’Ἀπολλον,
1756 1507 1929 1581 ούτω
1974 1517 2131 1601 περὶ
2174 1540 2294 1598 με·

127 1617 391 1703 γάλων,
447 1641 620 1685 ωστε
662 1617 750 1705 μὴ
798 1612 969 1685 καθ’
1022 1614 1314 1707 ἡλικίαν,
1376 1611 1545 1683 ἀλλὰ
1588 1616 1811 1685 κοινὸν
1856 1609 2076 1684 άπασι
2119 1641 2291 1703 προ-

130 1724 417 1787 κεῖσθαι
471 1718 590 1787 τὸν
647 1719 877 1807 λόγον·
930 1714 1159 1805 χάριεν
1221 1720 1381 1807 γάρ,
1453 1719 1512 1787 εἰ
1576 1722 1735 1805 περὶ
1801 1722 1933 1785 τῶν
2000 1718 2293 1801 ἐσχάτων

131 1822 626 1901 κινδυνεύοντες
683 1826 842 1909 περὶ
899 1828 1017 1910 τῆς
1079 1822 1146 1891 ἐν
1197 1837 1341 1901 τοῖς
1387 1820 1978 1907 νόμοις-ἐξουσίας
2022 1845 2293 1908 σμικρο-

132 1926 532 2011 λογοίμεθα.
624 1924 704 1991 σύ
767 1925 840 1991 δὲ
883 1928 995 1992 καὶ
1039 1925 1217 1991 πάνυ
1275 1920 1402 2013 ἤδη
1460 1926 1731 2008 ἔννομος
1788 1921 1848 1991 εἶ
1902 1924 2291 2013 δημηγόρος,

131 2027 498 2111 πρόπαλαι
552 2028 673 2110 μὲν
719 2027 793 2105 ἐξ
834 2026 1102 2116 ἐφήβων
1151 2026 1461 2113 γεγονώς,
1522 2025 2039 2113 ἐγγεγραμμένος
2095 2026 2167 2093 δὲ
2226 2026 2293 2103 ἐς

27 2126 206 2195 672τὸ
250 2131 390 2195 τῶν
438 2128 690 2195 δώδεκα
737 2128 1173 2216 ληξιαρχικόν,
1219 2131 1330 2195 καὶ
1361 2121 1590 2250 ὀλίγου
1635 2130 1774 2196 δεῖν
1802 2132 1922 2217 τῆς
1966 2128 2083 2195 ἐπὶ
2112 2128 2290 2215 Κρό-

129 2255 248 2296 νου
307 2233 556 2317 βουλῆς
614 2226 738 2297 ὤν·
800 2224 972 2297 ὥστε
1028 2230 1117 2320 μὴ
1176 2230 1568 2317 μειρακεύου
1626 2229 1799 2317 πρὸς
1854 2227 2059 2320 ἡμᾶς,
2120 2225 2289 2298 ἆλλὰ

127 2333 282 2417 λέγε
333 2335 611 2417 θαρρῶν
666 2328 790 2419 ἤδη
837 2331 921 2399 τὰ
969 2332 1287 2400 δοκοῦντα
1340 2333 1547 2421 μηδὲν
1596 2331 1972 2413 αἰδεσθείς,
2032 2332 2093 2399 εἰ
2138 2326 2288 2419 ἆγέ-

129 2458 314 2512 νειος
370 2461 464 2500 ων
481 2435 1032 2563 δημηγορήσεις,
1091 2438 1198 2501 καὶ
1246 2461 1458 2505 ταυτα
1500 2436 1981 2521 βαθυπώγωνα
2024 2438 2132 2502 καὶ
2182 2460 2288 2501 ευ-

126 2542 388 2623 γένειον
440 2529 650 2615 ούτως
694 2536 842 2605 υἱὸν
901 2538 1065 2620 ε’χων
1123 2538 1240 2604 τὸν
1276 2531 1708 2623 Ἀσκληπιόν.
1798 2532 2017 2614 ἄλλως
2058 2562 2133 2603 τε
2175 2542 2284 2604 καὶ

129 2643 405 2760 πρέπον
438 2666 518 2705 αν
564 2639 665 2726 ειή
714 2662 826 2706 σοι
871 2643 983 2706 νῦν
1025 2638 1320 2723 μάλιστα
1365 2636 1705 2726 ἐκφαίνειν
1748 2636 1867 2726 τὴν
1911 2645 2179 2727 σοφίαν,
2227 2638 2288 2705 εἰ

127 2741 220 2827 μὴ
283 2740 503 2828 μάτην
555 2740 624 2807 ἐν
667 2745 764 2828 τῷ
801 2738 1097 2809 Ἑλικῶνι
1139 2741 1444 2828 κάθησαι
1484 2754 1634 2818 ταῖς
1678 2739 1994 2818 Μούσαις
2036 2763 2287 2828 συμφι-

131 2845 474 2930 λοσοφῶν.

305 2948 623 3013 ΑΠΟΛ.
704 2939 914 3011 Ἀλλ’
980 2970 1055 3012 ου
1104 2951 1208 3026 σέ,
1273 2931 1326 3011 ῶ
1384 2948 1638 3029 Μῶμε,
1691 2943 1813 3034 χρὴ
1870 2943 1955 3011 τὰ
2010 2950 2288 3013 τοιαῦτα

133 3049 424 3136 ἐφιέναι,
469 3046 587 3114 τὸν
616 3054 756 3115 Δία
787 3048 890 3114 δέ·
934 3050 1047 3115 καὶ
1081 3038 1161 3133 ἢν
1193 3041 1386 3125 οὗτος
1414 3046 1704 3134 κελεύσῃ,
1751 3046 1919 3130 τάχα
1951 3042 2031 3113 ἄν
2074 3074 2142 3115 τι
2174 3043 2289 3116 οὖν.

133 3148 434 3236 άμουσον
483 3150 750 3235 εἴποιμι
795 3144 964 3217 άλλὰ
1009 3154 1128 3237 τῆς
1172 3150 1240 3217 ἐν
1283 3154 1381 3237 τῶ
1421 3147 1713 3218 Ἑλικῶνι
1756 3152 2032 3239 μελέτης
2079 3148 2286 3230 ἄξιον.

307 3258 562 3319 ΖΕΥΣ.
650 3258 865 3339 Λέγε,
912 3238 968 3318 ῶ
1011 3258 1267 3320 τέκνον·
1315 3252 1553 3342 ἐφίημι
1596 3252 1741 3340 γάρ.

309 3362 414 3421 27.
461 3358 608 3421 ΛΠ
621 3358 774 3422 ΟΛ.
814 3350 886 3423 ‘0
917 3357 1245 3442 Τιμοκλῆς
1275 3350 1468 3432 οὗτος
1498 3355 1640 3422 ε’στι
1669 3354 1788 3438 μὲν
1810 3352 2094 3441 χρηστὸς
2123 3347 2286 3440 ἀνὴρ
2318 3362 2390 3417 27

131 3462 245 3527 καὶ
294 3452 570 3543 εὐσεβὴς
627 3461 737 3525 καὶ
781 3457 939 3533 τοὺς
981 3457 1215 3543 λόγους
1271 3458 1452 3524 πάνυ
1496 3452 1821 3545 ἠκρίβωκε
1874 3454 2029 3533 τοὺς
2074 3462 2287 3522 Στωϊ-

131 3559 322 3637 κοὺς·
372 3557 548 3624 ῶστε
574 3560 688 3625 καὶ
725 3558 1027 3626 σύνεστιν
1074 3558 1189 3625 ἐπὶ
1220 3563 1435 3646 σοφίᾳ
1478 3560 1760 3635 πολλοῖς
1802 3560 1935 3622 τῶν
1980 3561 2144 3622 νέων
2173 3560 2282 3623 καὶ

133 3659 436 3745 μισθούς
481 3653 597 3727 ούκ
638 3654 905 3746 ὀλίγους
950 3659 1066 3728 ἐπὶ
1121 3659 1337 3747 τούτῳ
1397 3659 1671 3745 ἐκλέγει,
1739 3658 2003 3746 σφόδρα
2062 3663 2285 3725 πιθα-

137 3766 251 3843 νὸς
295 3758 411 3843 ῶν,
459 3759 673 3830 ὁπότε
720 3762 863 3850 ἰδίᾳ
905 3776 1050 3839 τοῖς
1091 3767 1436 3849 μαθηταῖς
1480 3762 1882 3847 διαλέγοιτο·
1931 3760 1999 3827 ἐν
2028 3760 2287 3847 πλήθει

46 3880 123 3930 673
139 3866 211 3933 δὲ
272 3865 495 3934 εἰπεῖν
553 3859 1009 3948 ἀτολμότατός
1064 3864 1207 3931 ἐστι
1262 3867 1372 3930 καὶ
1425 3864 1543 3951 τὴν
1589 3860 1816 3951 φωνὴν
1863 3861 2133 3951 ἰδιώτης
2175 3869 2287 3933 καὶ

136 3967 660 4054 μιξοβάρβαρος,
708 3960 882 4033 ὥστε
910 3970 1019 4034 καὶ
1064 3969 1321 4052 γέλωτα
1352 3960 1783 4054 ὀφλισκάνειν
1830 3964 1942 4033 διὰ
1973 3969 2170 4033 τοῦτο
2219 3966 2286 4033 ἐν
