2750 4534
174 959 230 1001 e.
263 946 328 1001 5.

1055 252 1389 306 lMAGINES.
2176 254 2299 312 169

360 427 576 487 idonea
631 444 747 502 quo
802 429 1068 502 tempore
1112 426 1485 501 Polystratus
1539 428 1623 487 nil
1668 430 1857 505 magis
1916 429 2077 505 eupit
2127 447 2303 504 quam

361 529 436 590 de
480 528 917 605 pulchritudine
962 530 1154 604 qualis
1199 530 1276 588 sit
1318 531 1581 591 mulieris
1638 530 1861 591 audire.
1949 530 2158 607 Itaque
2203 535 2305 591 aut

357 634 555 693 omnia
595 635 696 691 aut
741 635 901 692 certe
957 638 1158 695 τοῦτο
1213 632 1437 707 μέντοι
1495 628 1711 709 ἄλλως
1770 635 2138 713 ἱστορήσθω
2185 676 2202 693 .
2237 676 2254 693 .
2285 679 2302 694 .

361 734 517 810 εἶδες
563 733 884 795 omittenda
924 733 1226 813 videntur,
1271 736 1356 793 ita
1400 738 1464 795 ut
1504 737 1701 795 statim
1744 740 1958 813 pergat
2004 735 2123 799 ἴθι
2165 759 2301 811 μοι

356 842 466 901 καὶ
511 832 656 900 τόδε
701 832 1070 917 α’πόκριναι,
1117 840 1176 899 εἰ
1215 842 1322 900 καὶ
1365 888 1378 900 .
1418 880 1435 897 .
1464 884 1484 905 .

363 943 459 1003 εἰ.
490 990 504 1004 .
542 934 939 1020 παραδόντες
981 935 1121 1015 τὰς
1167 935 1492 1016 εἰκόνας
1536 946 1645 1024 τῷ
1686 937 1899 1025 λόγῳ
1944 940 2303 1020 ἐπιτρέψαι-

357 1064 477 1117 μεν
519 1038 699 1124 αὐτῷ
739 1054 1161 1117 μετακοσμεῖν
1195 1037 1217 1121 ΙΙ
1248 1043 1431 1102 Miror
1461 1041 1747 1103 Cobetum
1788 1041 1939 1103 haee
1984 1059 2175 1103 sensu.
2209 1058 2305 1099 ea-

359 1162 496 1204 rere
533 1148 723 1204 ratum
767 1144 1180 1220 Aristophanis
1226 1162 1340 1221 ope
1386 1142 1610 1227 (Equit.
1650 1149 1811 1205 1109
1842 1139 2059 1227 τούτῳ
2104 1167 2306 1225 παρα-

359 1240 552 1310 δώσω
608 1251 720 1325 τῆς
764 1240 1012 1321 πυκνὸς
1054 1240 1169 1320 τὰς
1211 1241 1423 1326 ἡνίας)
1464 1248 1552 1305 sie
1597 1245 1914 1306 emendare
1958 1246 2073 1306 sibi
2114 1248 2304 1308 visum

362 1364 497 1407 esse
540 1350 606 1407 ut
647 1347 936 1407 scriberet
984 1343 1386 1427 παραδόντες
1444 1343 1583 1422 τὰς
1636 1343 1870 1427 ἡνίας
1921 1355 2027 1431 τῷ
2070 1343 2303 1432 λόγῳ.

357 1450 544 1510 Immo
588 1451 785 1510 omnia
813 1454 973 1510 reete
1003 1467 1070 1510 se
1101 1449 1323 1510 habere
1355 1453 1521 1527 puto.
1586 1451 1909 1526 Postquam
1942 1451 2096 1510 enim
2124 1451 2306 1525 Poly-

356 1556 575 1612 stratus
639 1553 1146 1629 praostantissima
1210 1569 1565 1612 summorum
1631 1550 1919 1613 artificum
1990 1553 2308 1613 simulacra

357 1655 712 1733 nominavit,
765 1655 1030 1730 Lyeinus
1076 1656 1193 1715 iam
1234 1653 1546 1730 profitetur
1588 1673 1708 1715 non
1761 1653 2004 1715 difficile
2051 1672 2185 1716 esse
2232 1673 2308 1715 ex

357 1756 450 1817 his
496 1758 764 1817 omnibus
808 1775 986 1817 unam
1027 1756 1275 1819 formam
1319 1774 1701 1837 componere,
1744 1758 1806 1817 in
1836 1775 1955 1832 qua
1983 1758 2306 1833 potissimis

359 1861 723 1935 singulorum
775 1860 1086 1920 virtutibus
1144 1861 1473 1921 coniunctis
1529 1878 1649 1921 una
1703 1862 1821 1920 iam
1870 1860 1976 1919 illa
2020 1864 2309 1937 appareat

358 1961 550 2039 figura
595 1964 752 2041 eius,
800 1962 874 2023 de
912 1980 1032 2039 qua
1074 1964 1301 2042 agItur‚
1354 1964 1651 2043 mulieris,
1694 1965 1760 2023 si
1802 1981 1925 2023 res
1970 1964 2308 2023 orationi

361 2064 850 2141 expedienda
875 2064 1247 2125 tradatur.
1291 2065 1424 2125 Hoo
1456 2070 1547 2126 est
1578 2066 1731 2125 enim
1761 2068 2164 2145 παραδοῦναι
2194 2060 2308 2140 τὰς

361 2161 614 2241 εἰκόνας
658 2173 751 2251 τῷ
804 2162 996 2251 λόγῳ.
1047 2199 1130 2211 -
1175 2167 1328 2247 φέρε
1374 2162 1448 2247 δὴ
1496 2167 1564 2244 ἐξ
1615 2163 1948 2229 α’πασῶν
1992 2216 2006 2230 .
2042 2216 2057 2230 .
2094 2216 2107 2229 .
2156 2170 2309 2241 μίαν

364 2287 468 2332 σοι
500 2264 736 2335 εὐκόνα
759 2269 1066 2346 ἐπιδείξω.
1119 2267 1356 2345 Operae
1381 2270 1635 2345 pretium
1660 2271 1751 2327 est
1772 2286 2013 2329 monere
2037 2264 2308 2331 ἁπασῶν

364 2368 743 2435 referendum
774 2371 850 2431 ad
879 2368 1118 2447 εἰκόνες
1143 2403 1222 2413 -
1247 2365 1648 2451 παραλαβὼν
1679 2365 2008 2445 δεικνύτω.
2061 2367 2124 2427 Si
2147 2373 2308 2428 reete

363 2490 491 2533 rem
545 2475 858 2552 perspexi,
913 2473 1243 2533 subiectum
1299 2472 1508 2533 horum
1567 2471 1881 2532 verborum
1950 2475 2040 2531 est
2093 2466 2307 2549 λόγος,

365 2576 532 2635 ouius
575 2577 737 2636 vices
783 2575 962 2635 habet
1004 2577 1056 2635 is
1092 2577 1193 2651 qui
1236 2575 1510 2649 loquitur.
1546 2607 1632 2619 —
1663 2574 1867 2636 ἐθέλω
1900 2568 2021 2652 γὰρ
2055 2574 2303 2650 εἰδέναι,

367 2674 407 2741 3
450 2702 523 2741 τι
579 2683 706 2740 καὶ
757 2674 1140 2758 χρήσεται
1199 2668 1442 2749 αὐταῖς
1483 2674 1521 2757 ἢ
1581 2672 1761 2751 ὅπως
1804 2726 1818 2739 .
1853 2726 1867 2739 .
1902 2725 1915 2738 .
1968 2670 2310 2755 ἀπεργάσε-

364 2805 470 2845 ται
501 2777 526 2862 ΙΙ
560 2776 599 2844 3
640 2804 700 2843 τι
744 2776 1220 2861 κεχρήσεται
1266 2776 1483 2843 ῼΓΒ.
1564 2795 1677 2839 om.
1725 2775 2009 2853 αὐταῖς
2054 2769 2100 2856 ἢ
2142 2776 2311 2837 det.

366 2884 625 2944 Dubium
655 2883 864 2962 adhue,
911 2900 1064 2959 quae
1113 2901 1259 2944 vera
1285 2883 1362 2943 sit
1405 2882 1577 2942 huius
1623 2881 1892 2942 dictionis
1935 2878 2129 2941 forma
2171 2876 2209 2942 3
2238 2904 2310 2943 τι

370 3009 451 3049 κε
459 3010 552 3067 χρ
569 2982 605 3066 ή
622 3001 805 3050 σετα
822 3003 876 3065 ι;
923 2987 1294 3063 coniungitur
1340 2987 1492 3045 enim
1538 2984 1663 3044 fere
1695 3002 1827 3044 eum
1869 2983 2311 3060 pronominibus

365 3089 779 3166 personalibus
813 3092 874 3149 et
899 3088 1198 3149 reflexivis
1252 3088 1419 3147 velut
1460 3088 1584 3147 Bis
1637 3105 1765 3148 aee.
1799 3106 1850 3147 e.
1886 3090 1961 3146 27
2012 3081 2052 3149 3
2079 3111 2139 3149 τι
2163 3082 2314 3166 χρή-

370 3209 552 3255 σαιτο
596 3192 855 3275 ἑαυτῷ
899 3188 1023 3254 οὐκ
1069 3186 1279 3255 εἰδότα
1309 3189 1603 3265 Scytha
1646 3208 1697 3251 e.
1734 3194 1768 3249 3
1815 3186 1938 3254 οὐκ
1969 3188 2133 3269 ἔχων
2178 3184 2217 3250 3
2251 3213 2312 3251 τι

361 3289 673 3375 χρήσαιτο
719 3294 976 3377 ἑαυτῷ
1005 3294 1185 3354 Men.
1219 3311 1270 3353 c.
1307 3296 1340 3352 3
1372 3295 1526 3372 μηδὲ
1559 3288 1740 3368 εἰδὼς
1784 3287 1826 3354 3
1854 3315 1915 3354 τι
1951 3296 2310 3371 χρησαίμην

368 3396 638 3480 ἐμαυτῷ.
743 3396 811 3455 In
877 3395 1087 3471 quibus
1154 3395 1423 3455 omnibus
1489 3393 1814 3473 signifieat:
1887 3396 2089 3454 nescio
2166 3394 2316 3466 quid

358 3498 618 3573 faciam,
665 3499 814 3573 quid
849 3500 926 3559 de
951 3514 1045 3558 me
1077 3496 1334 3572 faciam.
1423 3496 1620 3572 Atque
1664 3496 1819 3554 hano
1863 3495 2051 3571 magis
2096 3496 2310 3570 magis-

372 3619 489 3677 que
549 3600 694 3661 mihi
748 3602 1020 3676 persuasi
1081 3600 1270 3660 solam
1327 3617 1532 3660 veram
1592 3615 1725 3658 esse
1785 3596 2030 3657 formam
2088 3614 2309 3675 eorum,

370 3704 472 3780 qui
517 3703 678 3763 dubii
721 3703 971 3764 haerent
1012 3704 1073 3761 in
1116 3703 1318 3777 aliqua
1362 3719 1429 3761 re
1476 3698 1849 3776 expedienda
1884 3698 2026 3774 quid
2068 3699 2309 3779 faciant,

371 3805 668 3866 foedatam
698 3822 842 3865 vero
875 3823 1028 3881 quae
1057 3823 1187 3864 eum
1219 3805 1350 3864 aliis
1382 3805 1509 3863 sive
1539 3820 1735 3863 rerum
1764 3804 1892 3861 sive
1922 3819 2309 3877 personarum

373 3907 784 3968 additamentis
814 3909 890 3966 sit
921 3908 1276 3984 consociata,
1315 3907 1481 3966 velut
1508 3902 1932 3965 Harmonid.
1982 3922 2033 3963 o.
2065 3909 2091 3963 1
2130 3898 2311 3979 ὅπως

367 4033 480 4086 μοι
503 4011 820 4090 χρηστέον
849 4033 887 4072 κ
901 4007 942 4073 α’
954 4032 1000 4084 μ
1014 4033 1053 4072 α
1068 4033 1108 4072 υ
1124 4034 1160 4072 τ
1175 4016 1230 4093 ᾧ
1260 4014 1368 4071 καὶ
1398 4032 1436 4070 τ
1450 4014 1489 4087 ᾗ
1519 4032 1555 4070 τ
1570 4009 1597 4070 ἑ
1606 4030 1647 4086 χ
1660 4031 1699 4070 ν
1714 4031 1773 4086 ῃ,
1804 4006 1905 4066 ubi
1937 4005 2038 4081 (ef.
2064 4006 2309 4067 Lucian.
