2750 4534
893 247 1198 301 lUPPlTER
1234 246 1688 303 CONFUTATUS.
2236 244 2356 305 181

205 420 1118 507 ο.14.ἇμφίδοξα[1λοξά
1181 396 1301 483 445
1363 416 1563 484 ΩΓἏ.
1623 455 1700 465 -
1760 422 2035 501 ἐπείρα
2150 422 2360 483 ἐπει-

422 533 621 606 ρᾶτο
666 527 743 586 Κ.
776 526 850 588 G.
880 528 950 586 P.
981 526 1297 587 Schwartz.

201 647 254 687 c.
288 633 388 688 15.
420 631 1022 708 διηγκυλωμένος
1053 626 1078 708 ΙΙ
1110 680 1123 693 .
1161 680 1174 693 .
1211 679 1224 692 .
1275 630 1623 707 λημένος
1666 621 1844 687 ΩΓῖΙ
1872 627 2014 685 Μυῒ.

200 749 251 792 c.
285 735 383 791 16.
420 727 648 795 ἱστὸν
680 727 704 813 ΙΙ
738 734 1002 795 ἱστίον
1047 730 1271 791 ἳῑΜυῒ.
1317 764 1400 775 -
1447 727 1839 794 οὐδὲτοῦτο
1884 730 2116 804 θέμις
2162 729 2355 790 εἰδέ-

420 856 527 895 ναι
569 856 645 908 με
676 828 700 913 ΙΙ
731 835 854 908 θέμ
875 866 888 878 ·
907 856 984 909 με
1028 835 1256 897 εἰδέναι
1289 836 1410 893 445
1443 825 1566 891 ΩΓ
1594 833 1737 892 Μυῒ.
1786 866 1867 875 -
1913 835 2019 894 καὶ
2050 828 2173 896 οῦκ
2219 828 2356 894 οἶδ’

418 930 576 998 ὅθεν
621 941 824 998 ταῦτα
884 931 1054 1015 ἥκεις
1111 958 1221 1011 μοι
1279 930 1794 1014 συμπεφορηκώς
1838 932 1861 1011 ΙΙ
1910 927 1976 1018 []
2023 933 2190 994 det.
2237 952 2353 992 om.

417 1030 540 1095 ΩΓ
569 1038 712 1097 Μυῒ.
758 1071 842 1081 —-
887 1038 1304 1114 ἐβασίλευε
1335 1033 1358 1119 ΙΙ
1390 1088 1405 1101 .
1444 1088 1457 1101 .
1492 1088 1505 1100 .
1561 1044 1797 1099 λευσε
1840 1038 1981 1097 Μυῒ.

196 1159 249 1200 c.
283 1145 382 1200 17.
414 1142 525 1202 ἳνα
568 1137 724 1216 ὑμῖν
769 1192 782 1204 .
834 1191 849 1204 .
897 1192 909 1203 .
961 1142 1394 1219 πιεζομένους.
1489 1140 1592 1199 Nil
1635 1140 1992 1218 mutandum,
2040 1158 2171 1199 cum
2208 1138 2352 1198 Ddf.

415 1245 702 1303 commate
730 1246 924 1319 posito
949 1246 1085 1303 ante
1116 1246 1222 1305 ἵνα
1257 1246 1315 1303 et
1335 1244 1465 1302 solo
1491 1244 1875 1303 exterminato
1900 1260 2031 1301 cum
2056 1243 2185 1303 cod.
2210 1243 2353 1302 Μυῒ.

414 1342 585 1421 ὑμῖν.
637 1379 718 1390 --
762 1342 1205 1423 διαβιώσας
1251 1344 1272 1423 ΙΙ
1319 1343 1696 1422 διαβιοὶς
1741 1340 1810 1405 Ω
1842 1349 1962 1405 445
2002 1339 2049 1403 Γ
2078 1346 2220 1404 Μυῒ.
2269 1378 2354 1389 -

414 1444 532 1510 τὸν
559 1444 936 1511 ὁποσονοῦν
957 1444 1206 1529 χρόνον
1235 1454 1477 1512 τοῦτον
1509 1443 1533 1529 ss
1564 1444 1682 1512 τὸν
1706 1444 1808 1511 ὃπ.
1837 1454 2078 1511 τοῦτον
2086 1471 2184 1527 χρ.
2206 1448 2351 1508 Μυῒ.

191 1568 246 1608 c.
283 1552 381 1609 18.
415 1552 974 1630 προστεταγμένον
1020 1547 1227 1633 αὐτῷ
1272 1553 1395 1632 δρᾷ
1426 1546 1449 1631 ΙΙ
1497 1547 1695 1613 αὐτὸ
1741 1551 1915 1609 Baar.
1962 1546 2145 1620 (αὐτὸ
2189 1552 2351 1630 δρᾶν

183 2182 239 2223 G.

410 1644 480 1709 Ω
514 1656 632 1712 445
676 1647 770 1727 Γ).
827 1684 913 1695 -—
970 1648 1210 1716 Ἀκούω
1270 1650 1417 1717 τινὰ
1460 1658 1691 1716 Μίνωα
1736 1704 1749 1717 .
1800 1703 1812 1716 .
1862 1704 1874 1715 .
1928 1648 2289 1731 δικάζειν
2334 1648 2353 1732 ΙΙ

411 1750 768 1833 δικάζειν
809 1751 1020 1818 κάτω
1070 1760 1189 1814 445
1221 1748 1359 1819 ΩΓ.
1412 1790 1493 1799 -
1546 1761 1613 1818 Τί
1656 1750 1959 1818 δἀὐτὸν
2006 1755 2248 1836 ἐρωτᾷς
2296 1748 2350 1815 ὦ

410 1863 685 1920 Κυνίσκε
726 1853 750 1938 ΙΙ
795 1853 901 1938 (†).
964 1891 1046 1901 -—
1104 1854 1502 1922 ἀκούσιόν
1546 1856 1569 1937 ΙΙ
1614 1854 2000 1932 ἀκούσιος
2054 1857 2221 1917 det.
2270 1890 2352 1901 —

407 1964 539 2022 καὶ
583 1956 676 2039 ἢν
721 1956 967 2040 φονεύῃ
998 1984 1094 2036 τις
1129 1960 1210 2021 cf.
1242 1962 1539 2039 ImagInes
1572 1980 1624 2021 c.
1659 1966 1760 2022 20.
1793 1996 1876 2005 -
1905 1967 2135 2024 τοίνυν
2168 1956 2191 2041 ΙΙ
2223 1984 2352 2024 τοι-

407 2068 655 2142 γαροῦν
703 2057 750 2120 Γ
780 2064 923 2123 Μυῒ.
969 2096 1055 2107 --
1097 2060 1246 2126 κᾶν
1290 2071 1488 2127 τοῦτο
1522 2060 1545 2144 ΙΙ
1576 2069 1683 2127 καὶ
1728 2062 1794 2127 21.

358 2207 376 2222 .
407 2162 678 2239 Spurium
739 2182 872 2225 esse
929 2164 1044 2225 hoc
1099 2168 1284 2225 totum
1343 2170 1525 2242 caput
1577 2167 1773 2226 iudico
1818 2165 1955 2226 inde
2003 2185 2039 2223 a
2083 2162 2348 2245 ἐδεόμην

406 2265 496 2328 ἐτι
541 2263 688 2329 κᾶν
732 2274 930 2330 τοῦτο
977 2268 1232 2343 ἐρέσθαι
1277 2285 1345 2331 σε
1374 2287 1563 2344 usque
1602 2269 1679 2329 ad
1708 2268 1886 2329 finem
1915 2266 2184 2332 οἰκοῦσαι
2214 2291 2342 2343 μοι.

417 2366 606 2440 Quem
651 2371 804 2429 enim
849 2371 1165 2444 alloquitur
1195 2369 1473 2451 Cynicus,
1518 2375 1861 2448 postquam
1908 2373 2051 2431 exiit
2080 2371 2349 2447 Iuppiter

405 2488 538 2529 cum
592 2489 876 2548 expresse
935 2472 1214 2553 dixisset,
1271 2492 1338 2534 se
1384 2474 1531 2534 nihil
1591 2476 1843 2551 amplius
1900 2492 2344 2553 responsurum,

403 2578 514 2636 καί
565 2592 631 2635 σε
676 2569 891 2650 ἄπειμι
937 2570 1055 2655 ἤδη
1099 2572 1524 2639 καταλιπώνῖ)
1611 2577 1689 2636 Εῒ
1741 2594 1917 2651 quam
1954 2576 2147 2636 futilia
2189 2580 2343 2655 sunt,

403 2674 478 2734 de
553 2674 765 2750 quibus
835 2679 954 2736 iam
1023 2680 1283 2757 quaerit,
1351 2697 1387 2737 a
1445 2679 1748 2754 proposito
1806 2680 1984 2754 longe
2045 2678 2343 2757 distantia,

406 2776 546 2851 quid
604 2778 680 2837 ad
735 2796 860 2839 rem
919 2781 1100 2840 multo
1159 2779 1486 2841 feliciorem
1542 2798 1677 2841 sese
1740 2780 2094 2860 praedicare
2167 2799 2343 2856 quam

404 2879 630 2939 Parcas
648 2879 680 2938 P
780 2881 1030 2942 Accedit
1093 2900 1288 2942 sermo
1357 2883 1643 2960 abruptus
1713 2883 1946 2943 hiulcus
2004 2883 2339 2960 impeditus,

401 2980 688 3040 obscurus
749 2984 946 3061 velut,
1013 2991 1153 3059 πῶς
1210 2985 1629 3061 ἐφικνοῦνται
1687 2991 1765 3065 τῇ
1822 2984 2139 3067 ἐπιμελείᾳ
2206 2992 2340 3048 τῶν

409 3080 744 3146 τοσούτων
791 3085 854 3160 ἐς
882 3081 958 3147 τὸ
989 3081 1389 3151 λεπτότατον
1420 3123 1504 3131 --
1537 3084 1659 3150 οὐδ
1675 3084 1691 3107 '
1722 3080 1912 3151 αὗται
1943 3084 2073 3151 ὑπὸ
2097 3095 2342 3169 χρηστῇ

409 3186 772 3265 Εἱμαρμένῃ
806 3182 1239 3268 ἐγεννήθησαν
1269 3222 1350 3232 -—
1383 3184 1669 3253 κλώθων
1704 3181 2028 3271 ἄτρακτον
2077 3239 2092 3253 .
2123 3242 2135 3253 .
2175 3240 2187 3253 .
2235 3214 2338 3265 με·

411 3282 587 3350 στόν.
678 3286 833 3360 Quid
879 3289 1038 3365 quod
1082 3291 1275 3351 denuo
1322 3291 1627 3352 absentem
1672 3293 1795 3352 adit
1838 3311 1969 3352 cum
2012 3294 2341 3368 interrogat

401 3391 458 3450 εἰ
512 3392 551 3452 δ
569 3391 598 3450 ὲ
661 3386 768 3470 μὴ
826 3387 1158 3472 ῥᾴδιόν
1215 3410 1358 3456 σοι
1418 3390 1895 3474 α’ποκρίνασθαι
1951 3389 2114 3473 πρὸς
2172 3390 2338 3456 αὐτὰ

397 3489 544 3567 (leg.
609 3498 813 3555 ταῦτα
869 3486 937 3551 Ω
996 3498 1116 3554 445
1177 3489 1282 3556 ἳῐΓ
1333 3495 1501 3570 Μυῒ.)
1568 3490 1622 3557 ὦ
1688 3501 1838 3572 Ζεῦ,
1908 3500 2015 3557 καὶ
2079 3492 2338 3570 τούτοις

399 3588 834 3673 α’γαπήσομεν.

571 3696 907 3756 Notandum
967 3702 1087 3777 est,
1147 3700 1219 3758 iis
1262 3700 1443 3778 locis,
1503 3699 1715 3774 quibus
1759 3718 1900 3776 pars
1945 3701 2214 3761 codicum
2260 3701 2337 3761 ab

399 3796 587 3856 altera
640 3797 907 3858 diversas
974 3799 1234 3859 eiusdem
1298 3801 1388 3859 rei
1442 3818 1624 3871 voces
1688 3801 1968 3881 praebet,
2036 3803 2199 3862 velut
2255 3800 2335 3865 τὰ

399 3894 642 3979 ὀψάρια
702 3903 761 3959 et
805 3897 1057 3979 ἰχθύδια
1103 3920 1156 3960 c.
1192 3907 1249 3981 4,
1297 3920 1348 3960 c.
1389 3907 1419 3960 7
1464 3899 1926 3984 εὐγνωμοσίνῃ
1973 3908 2031 3964 et
2064 3900 2336 3985 χρηστό-

401 4023 559 4080 τητι,
608 4019 658 4060 c.
710 4008 744 4062 9
790 3998 1171 4079 ὑποπτεύεις
1216 4007 1274 4063 et
1317 4004 1457 4083 οἴει,
1504 4004 1854 4082 ἐπιμελείας
1900 4011 1958 4067 et
1998 4014 2337 4088 προνοίας,
