2750 4534
928 269 1208 324 ΤΟΞΑΡΙΣ
1242 268 1288 320 u
1322 267 1522 320 ΦΙΔΙΑ.
2227 271 2309 328 55

321 445 379 505 5.
433 442 635 512 ΤΟΞ.
695 435 934 506 ’Ἀκουε
979 439 1092 527 δη,
1153 423 1208 502 ὦ
1255 435 1632 520 θαυμάσιε,
1686 440 1798 504 καὶ
1847 438 2086 507 σκόπει
2130 433 2295 506 καθ’
2338 451 2374 504 ὅ

133 532 309 606 ὁσον
353 535 547 626 ἡμεῖς
592 541 659 608 οἱ
699 541 1032 625 βάρβαροι
1093 533 1700 664 εὐγνωμονέστερον
1742 534 1928 623 ὑμῶν
1974 545 2131 626 περὶ
2175 545 2308 626 τῶν
2339 599 2363 616 ,

133 637 428 726 ἀγαθῶν
488 635 744 728 ἀνδρῶν
803 648 1146 729 κρίνομεν,
1207 639 1273 706 εἴ
1323 663 1397 724 γε
1443 638 1513 706 ἐν
1540 634 1773 724 ’Ἀργει
1823 640 1944 724 μὲν
1988 644 2097 708 καὶ
2146 635 2307 708 Μυ-

133 767 376 828 κηναις
435 736 588 810 οὐδὲ
646 742 868 831 τάφον
926 741 1195 821 ἔνδοξόν
1253 739 1434 809 ἐστιν
1493 741 1661 809 ἰδεῖν
1708 734 2020 827 Ὀρέστου
2077 733 2118 832 ἢ
2161 750 2309 810 Hv-

134 844 387 925 λάδου,
445 839 614 929 παρ’
677 843 838 934 ἡμῖν
883 845 956 912 δὲ
999 846 1114 911 καὶ
1160 842 1323 921 νεώς
1369 836 1847 912 ἀποδέδεικται
1894 837 2122 923 αὐτοῖς
2167 838 2307 929 άμα

135 940 590 1033 ἀμφοτέροις,
653 940 884 1033 ὥσπερ
932 944 1108 1024 εἰκὸς
1149 970 1262 1033 ην,
1323 943 1620 1031 ἑταίροις
1661 970 1734 1031 γε
1780 969 1961 1027 ουσι,
2020 949 2130 1014 καὶ
2176 952 2305 1013 θυ-

135 1055 290 1115 σίαι
335 1048 801 1145 προσάγονται
843 1051 951 1116 καὶ
999 1044 1040 1136 ἡ
1087 1042 1250 1134 άλλη
1296 1045 1455 1133 τιμὴ
1506 1039 1773 1114 ἅπασα·
1820 1047 2059 1114 κωλύει
2089 1073 2163 1116 τε
2194 1045 2311 1116 οὗ·

137 1150 291 1230 δέν,
355 1175 465 1217 οτι
521 1150 700 1228 ξένοι
754 1137 954 1236 ἦσαν,
1013 1143 1186 1216 ἀλλὰ
1244 1146 1332 1234 μὴ
1382 1143 1677 1231 Σκύθαι,
1736 1145 2041 1236 ἀγαθοὺς
2092 1158 2306 1238 κεκρί-

34 1265 118 1315 512
139 1257 355 1317 σθαι·
404 1245 480 1318 οὗ
525 1250 652 1338 γὰρ
685 1251 1070 1336 ἐξετάζομεν
1117 1243 1284 1319 ὅθεν
1317 1251 1383 1317 οἱ
1418 1253 1611 1318 καλοὶ
1652 1254 1761 1318 και
1811 1245 2067 1338 ἀγαθοί
2114 1252 2302 1334 εἰσιν,

137 1345 296 1419 ουδὲ
359 1356 782 1440 φθονοῦμεν,
842 1353 903 1420 εἰ
957 1353 1047 1441 μὴ
1109 1355 1302 1440 φίλοι
1359 1377 1547 1430 οντες
1606 1347 1836 1438 ἀγαθὰ
1890 1353 2303 1440 εἰργάσαντο,

137 1453 578 1534 ἐπαινοῦντες
622 1457 695 1523 δὲ
743 1455 786 1522 ἃ
831 1455 1130 1540 ἔπραξαν
1143 1507 1162 1536 ,
1218 1453 1504 1532 οἰκείους
1547 1447 1790 1532 αὖτοὺς
1836 1453 1973 1522 ἀπὸ
2018 1459 2150 1523 τῶν
2196 1457 2303 1539 ἔρ-

135 1581 274 1640 γων
304 1557 723 1641 ποιούμεθα.
797 1557 834 1624 ὃ
877 1557 950 1625 δὲ
996 1556 1072 1644 δὴ
1105 1553 1402 1641 μάλιστα
1430 1557 1965 1642 καταπλαγέντες
2007 1561 2140 1624 τῶν
2186 1551 2305 1624 ἀν-

139 1657 318 1743 δρῶν
377 1656 643 1725 ἐκείνων
698 1658 1134 1743 ἐπαινοῦμεν,
1189 1657 1389 1724 τοῦτο’
1447 1657 1659 1734 ἐστιν,
1712 1650 1822 1725 ὅτι
1863 1654 2022 1747 ἡμῖν
2068 1658 2303 1737 ἔδοξαν

138 1763 337 1846 φίλοι
377 1753 564 1828 οὗτοι
610 1759 689 1849 δὴ
739 1756 1007 1846 ἄριστοι
1052 1755 1372 1826 ἁπάντων
1416 1762 1820 1847 γεγενῆσθαι
1848 1763 1958 1827 καὶ
2004 1774 2147 1839 τοῖς
2193 1757 2302 1828 ἅλ-

139 1866 282 1940 λοις
330 1855 705 1946 νομοθέται
746 1866 1188 1950 καταστῆναι,
1247 1857 1339 1939 ῶς
1392 1861 1514 1950 χρὴ
1570 1875 1715 1940 τοῖς
1760 1863 1991 1949 φίλοις
2034 1862 2304 1950 ἁπάσης

136 1968 251 2050 τῆς
310 1964 510 2052 τύχης
565 1977 905 2030 κοινωνεῖν
959 1965 1072 2031 καὶ
1130 1959 1265 2028 ὑπὸ
1313 1966 1597 2029 Σκυθῶν
1654 1967 1787 2029 τῶν
1842 1956 2135 2049 ἀρίστων
2179 1968 2303 2031 θε-

142 2065 596 2149 ραπεύεσθαι.
679 2071 737 2132 6.
784 2068 897 2132 καὶ
942 2057 984 2130 ὅ
1028 2089 1102 2150 γε
1144 2058 1290 2147 μετ’
1345 2058 1649 2151 ἀλλήλων
1693 2055 1735 2150 ἢ
1778 2060 1949 2149 ὑπὲρ
1994 2058 2296 2154 ἀλλήλων
2332 2078 2372 2132 6

140 2169 446 2248 ἔπαθον,
523 2161 1034 2254 ἀναγράψαντες
1099 2167 1166 2232 οἱ
1231 2165 1557 2253 πρόγονοι
1622 2163 1809 2255 ἡμῶν
1877 2166 1991 2234 ἐπὶ
2062 2163 2304 2254 στήλης

136 2273 380 2358 χαλκῆς
425 2263 758 2336 ἀνέθεσαν
804 2263 878 2346 ἐς
919 2267 997 2336 τὸ
1037 2260 1411 2353 Ὀρέστειον
1454 2271 1566 2335 καὶ
1612 2268 1816 2352 νόμον
1873 2267 2299 2355 ἐποιήσαντο,

141 2375 414 2457 πρῶτον
459 2374 656 2438 τοῦτο
686 2370 979 2458 μάθημα
1007 2372 1115 2437 καὶ
1151 2370 1496 2454 παίδευμα
1539 2383 1682 2449 τοῖς
1711 2374 1915 2438 παισὶ
1961 2383 2104 2449 τοῖς
2134 2393 2301 2459 σφε-

141 2478 362 2558 τέροις
407 2469 579 2540 εἶναι
623 2471 742 2560 τὴν
775 2472 1019 2561 στήλην
1049 2470 1293 2558 ταύτην
1336 2474 1449 2539 καὶ
1482 2470 1568 2538 τὰ
1616 2465 1731 2538 ἐπ’
1782 2465 1987 2561 αυτῆς
2016 2497 2299 2559 γεγραμ-

141 2581 304 2655 μένα
354 2574 942 2662 διαμνημονεῦσαι.
1031 2577 1290 2639 θᾶττον
1344 2576 1503 2658 γοῦν
1558 2568 1853 2656 τούνομα
1898 2572 2174 2652 ἕκαστος
2220 2599 2300 2640 αν

145 2669 362 2742 αυτῶν
415 2674 824 2743 ἐπιλάθοιτο
880 2677 1000 2741 τοῦ
1057 2673 1316 2760 πατρὸς
1373 2663 1416 2762 ἢ
1473 2672 1597 2751 τὰς
1632 2667 1943 2760 Ὀρέστου
1994 2678 2107 2742 καὶ
2152 2680 2299 2741 Πυ-

143 2777 349 2844 λάδου
407 2776 688 2862 πράξεις
753 2770 1170 2899 ἀγνοήσειεν·
1241 2769 1413 2841 ἀλλὰ
1481 2778 1591 2842 καὶ
1660 2775 1729 2842 ἐν
1792 2779 1891 2862 τῷ
1955 2776 2298 2864 περιβόλῳ

57 2885 126 2936 513
142 2883 253 2945 τοῦ
315 2876 441 2944 νεῶ
501 2877 588 2944 τὰ
648 2871 816 2944 αὐτὰ
871 2873 1100 2944 ὁπόσα
1159 2873 1197 2963 ἦ
1260 2876 1465 2965 στήλη
1526 2877 1747 2964 δηλοῖ,
1814 2891 2107 2965 γραφαῖς
2163 2874 2294 2946 υπὸ

140 2984 268 3046 τῶν
329 2982 642 3046 παλαιῶν
701 2978 1058 3063 εἰκασμένα
1115 2978 1479 3060 δείκνυται,
1538 2981 1763 3048 πλέων
1800 2974 2112 3068 Ὀρέστης
2158 2974 2297 3065 ἅμα

140 3085 229 3166 τῷ
275 3081 490 3169 φίλῳ,
549 3077 696 3148 εἶτα
741 3079 810 3146 ἐν
860 3093 1003 3158 τοῖς
1045 3089 1360 3167 κρημνοῖς
1405 3081 1909 3170 διαφθαρείσης
1955 3076 2137 3169 αὐτῷ
2180 3086 2297 3169 τῆς

142 3184 301 3262 νεὼς
347 3185 862 3270 συνειλημμένος
915 3184 1028 3250 καὶ
1073 3181 1248 3268 πρὸς
1288 3181 1410 3268 την
1454 3189 1707 3251 θυσίαν
1752 3190 2294 3271 παρεσκευασμέ-

143 3310 279 3367 νος,
341 3288 453 3352 καὶ
497 3281 537 3374 ἦ
578 3279 932 3373 Ἰφιγένεια
986 3279 1111 3372 ἤδη
1159 3284 1557 3370 κατάρχεται
1602 3279 1853 3352 αὗτῶν·
1898 3287 2292 3368 καταντικρὺ

145 3387 208 3453 δὲ
255 3387 374 3455 ἐπὶ
433 3390 552 3454 τοῦ
613 3385 841 3474 ἑτέρου
902 3391 1128 3471 τοίχου
1185 3382 1310 3475 ἤδη
1369 3385 1729 3465 ἐκδεδυκὼς
1784 3385 1868 3453 τὰ
1928 3386 2138 3471 δεσμά
2183 3393 2292 3473 γέ-

144 3513 436 3572 γραπται
492 3491 602 3556 καὶ
663 3487 965 3576 φονεύων
1019 3486 1138 3554 τὸν
1199 3487 1469 3554 Θόαντα
1534 3491 1645 3556 καὶ
1703 3487 1995 3566 πολλοὺς
2052 3483 2294 3567 ἄλλους

139 3593 260 3658 τῶν
308 3593 624 3671 Σκυθῶν,
681 3593 793 3657 καὶ
851 3589 1040 3669 τέλος
1099 3585 1589 3670 ἀποπλέοντες,
1650 3589 1906 3672 ἔχοντες
1960 3588 2081 3678 τὴν
2123 3585 2292 3675 Ἰφι-

139 3696 388 3774 γένειαν
443 3693 556 3759 καὶ
611 3688 731 3778 τὴν
790 3690 990 3758 θεόν·
1053 3691 1118 3758 οἱ
1175 3689 1439 3759 Σκύθαι
1506 3691 1577 3757 δὲ
1636 3685 1853 3768 ἄλλως
1910 3690 2289 3776 ἐπιλαμβά-

141 3817 359 3860 νονται
415 3795 537 3858 τοῦ
597 3792 897 3880 σκάφους
954 3788 1078 3879 ἤδη
1139 3793 1461 3869 πλέοντος
1518 3790 2101 3877 ἐκκρεμαννύμενοι
2156 3796 2290 3859 τῶν

142 3895 483 3981 πηδαλίων
527 3895 640 3961 καὶ
686 3893 1166 3977 ἐπαναβαίνειν
1209 3893 1649 3978 πειρώμενοι,
1710 3887 1835 3960 εἶτ’
1896 3887 2087 3962 οὐδὲν
2132 3888 2289 3962 ἀνύ-

144 4015 362 4074 σαντες
421 3995 488 4063 οἶ
544 3997 666 4080 μὲν
721 3989 938 4062 αὐτῶν
981 4002 1421 4082 τραυματίαι,
1483 3996 1549 4062 οἱ
1597 3995 1667 4062 δὲ
1711 3999 1822 4064 καὶ
1870 3996 2007 4063 δέει
2047 3995 2285 4064 τούτου
