2750 4534
481 249 563 306 62
1349 254 1761 318 [ΔΟΥΚΙΑΝΟΥ]

379 429 446 485 17
483 414 651 485 ὄντα
692 419 810 486 τὸν
853 426 1152 488 Δεινίαν.
1232 429 1330 489 17.
1375 419 1466 500 ὥς
1510 423 1583 488 δὲ
1626 421 1951 506 ὖπέσχετο
1996 422 2175 510 ἥξειν
2221 418 2390 509 παρ’
2442 419 2631 511 αὐτὴν

481 522 592 587 καὶ
657 514 774 610 ἧκε
829 524 988 610 περὶ
1035 527 1307 609 πρῶτον
1349 523 1565 590 ῧπνον
1608 528 1719 592 καὶ
1764 524 1954 592 ἔνδον
1994 511 2094 611 ἦν,
2141 522 2177 592 6
2226 528 2566 614 Δημῶναξ
2598 525 2629 592 6

478 627 598 713 τῆς
627 626 1039 709 Χαρικλείας
1069 620 1234 712 ἀνὴρ
1281 626 1418 692 ε’ίτε
1460 622 1682 705 ἄλλως
1714 626 2127 710 αἰσθόμενος
2170 629 2309 695 ε’ίτε
2344 632 2456 696 καὶ
2503 623 2629 696 άπὸ

480 726 914 814 συνθήματος
967 730 1082 814 τῆς
1124 727 1435 812 γυναικός
1478 763 1562 776 -
1612 725 1820 815 ἄμφω
1864 727 1990 814 γὰρ
2036 731 2299 815 λέγεται
2342 767 2428 780 -—·
2472 729 2631 796 ἐπα-

479 828 729 907 ναστὰς
773 821 1006 911 ὥσπερ
1063 827 1133 895 ἐκ
1189 829 1387 912 λόχου
1442 829 1563 916 τήν
1620 854 1697 896 τε
1752 825 2022 897 αὔλειον
2072 833 2461 899 ἀποκλείειν
2508 831 2633 898 ἐκέ-

479 932 628 997 λευε
683 933 796 997 καὶ
853 930 1342 1014 συλλαμβάνειν
1398 929 1520 997 τὸν
1578 936 1890 1012 Δεινίαν,
1951 935 2086 1017 πῦρ
2142 935 2252 999 καὶ
2311 933 2634 1018 ιιάστιγας

477 1026 780 1098 απειλῶν
810 1035 920 1098 καὶ
955 1031 1152 1152 ξίφος
1195 1028 1287 1110 ὥς
1333 1031 1451 1098 ἐπὶ
1485 1031 1721 1116 μοιχὸν
1754 1033 2208 1117 σπασάμενος.
2282 1030 2319 1100 ὃ
2352 1035 2429 1100 δὲ
2458 1056 2633 1101 συνι-

477 1133 610 1200 δὼν
656 1128 735 1201 οὗ
777 1137 991 1201 κακῶν
1042 1119 1151 1222 ἦν,
1209 1133 1455 1217 μοχλόν
1510 1159 1664 1201 τινα
1720 1136 2012 1222 πλησίον
2068 1141 2370 1219 κείμενον
2415 1133 2632 1220 ἆρπά-
2644 1151 2697 1199 525

476 1258 600 1314 σας
646 1230 846 1302 αὐτόν
889 1260 966 1302 τε
1010 1229 1397 1302 ἀποκτείνει
1438 1233 1557 1302 τὸν
1602 1236 2026 1323 Δημώνακτα
2070 1231 2436 1314 πατάξας’
2410 1263 2479 1316 ες
2524 1238 2631 1305 τὸν

473 1337 812 1424 κρόταφον
875 1341 987 1404 καὶ
1053 1335 1174 1423 τὴν
1235 1339 1681 1423 Χαρίκλειαν,
1750 1331 1827 1404 οὗ
1892 1341 2021 1426 μιᾷ
2083 1340 2306 1427 πληγῇ
2368 1339 2630 1428 ταύτην,

474 1433 644 1505 ἀλλὰ
705 1441 818 1506 καὶ
870 1443 969 1525 τῷ
1025 1440 1252 1524 μοχλῷ
1307 1439 1638 1517 πολλάκις
1692 1442 1806 1507 καὶ
1848 1443 1948 1526 τῷ
1993 1440 2177 1528 ξίφει
2218 1445 2339 1507 τοῦ
2382 1443 2629 1530 Δημώ-

473 1565 709 1617 νακτος
737 1533 1034 1625 ὕστερον.
1110 1541 1178 1607 οἱ
1210 1533 1282 1604 δ’
1323 1539 1577 1608 οἰκέται
1620 1544 1789 1618 τέως
1822 1541 1945 1623 μὲν
1974 1539 2335 1628 ἑστήκεσαν
2366 1538 2629 1630 ἄφωνοι

470 1647 568 1729 τῷ
625 1641 992 1728 παραδόξῳ
1049 1645 1170 1708 τοῦ
1227 1642 1622 1729 πράγματος
1666 1641 2229 1731 ἐκπεπληγμένοι,
2288 1641 2440 1711 εἶτα
2482 1671 2629 1713 πει-

471 1739 760 1829 ρώμενοι
797 1743 1305 1827 συλλαμβάνειν,
1350 1740 1445 1822 ὥς
1485 1747 1602 1811 καὶ
1644 1741 1873 1822 αὐτοῖς
1917 1744 2115 1832 ἐπῄει
2156 1745 2327 1829 μετὰ
2370 1751 2493 1814 τοῦ
2540 1747 2629 1822 ξί-

471 1870 670 1931 φους,
742 1842 978 1910 ἐκεῖνοι
1043 1844 1166 1927 μὲν
1230 1844 1542 1932 ἔφευγον,
1612 1841 1647 1911 6
1714 1851 1995 1923 Δεινίας
2061 1845 2134 1912 δὲ
2196 1842 2630 1934 ὑπεξέρχεται

469 1948 856 2034 τηλικοῦτον
901 1944 1089 2031 ἔργον
1135 1944 1594 2032 εἰργασμένος·
1639 1949 1753 2013 καὶ
1794 1946 1871 2013 τὸ
1918 1953 2113 2031 μέχρι
2154 1951 2273 2035 τῆς
2318 1946 2409 2014 ἕω
2442 1949 2624 2033 παρὰ

467 2051 564 2134 τῷ
601 2043 1011 2133 Ἀγαθοκλεῖ
1053 2048 1413 2133 διέτριβεν,
1468 2047 2016 2134 ἀναλογιζόμενοι
2055 2047 2142 2115 τὰ
2187 2052 2627 2137 πεπραγμένα

466 2152 578 2216 καὶ
637 2151 794 2232 περὶ
853 2153 986 2216 τῶν
1041 2149 1422 2233 μελλόντων
1479 2143 1519 2216 δ’
1574 2177 1645 2218 τι
1702 2145 2130 2237 ἀποβήσεται
2189 2156 2625 2230 σκοποῦντες’

467 2251 684 2317 ἕωθεν
744 2251 816 2318 δὲ
875 2253 942 2319 οἱ
987 2255 1344 2341 στρατηγοὶ
1391 2256 1705 2342 παρῆσαν
1748 2287 1832 2300 --
1876 2249 2001 2340 ἤδη
2053 2250 2179 2338 γὰρ
2224 2251 2300 2318 τὸ
2348 2257 2627 2340 πρᾶγμα

467 2354 854 2441 διεβεβόητο
915 2389 988 2401 -
1037 2357 1151 2421 καὶ
1197 2355 1640 2438 συλλαβόντες
1690 2354 1807 2421 τὸν
1852 2360 2163 2434 Δεινίαν,
2223 2348 2369 2420 οὐδ’
2426 2351 2627 2423 αὐτὸν

464 2456 736 2543 ἔξαρνον
780 2452 942 2523 ὄντα
984 2455 1076 2545 μὴ
1126 2449 1265 2539 οὗχὶ
1315 2460 1834 2544 πεφονευκέναι,
1890 2450 2231 2542 ἆπάγουσι
2274 2455 2462 2542 παρὰ
2509 2456 2624 2523 τὸν

464 2555 833 2647 ἁρμοστήν,
891 2557 970 2636 ὃς
1021 2551 1264 2647 ἥρμοζε
1320 2558 1441 2646 τὴν
1477 2552 1718 2625 Ἀσίαν
1772 2557 1961 2626 τότε·
2007 2555 2043 2624 ὁ
2104 2559 2177 2624 δὲ
2216 2561 2491 2642 βασιλεῖ
2530 2561 2734 2652 τῷδῗὸζ

459 2661 726 2747 μεγάλῳ
773 2654 1167 2742 άναπέμπει
1209 2654 1437 2726 αὐτόν·
1484 2662 1595 2725 καὶ
1638 2654 1791 2743 μετ’
1844 2653 1921 2725 οὗ
1958 2658 2137 2725 πολὺ
2166 2664 2617 2746 κατεπέμφθη

459 2758 493 2828 6
565 2767 841 2838 Δεινίας
907 2756 980 2838 ἐς
1049 2756 1306 2846 ,Γύαρον
1374 2764 1575 2850 νῆσον
1641 2764 1776 2827 τῶν
1842 2760 2206 2827 Κυκλάδων
2273 2760 2342 2826 ἐν
2411 2761 2616 2846 ταύτῃ

355 2873 426 2928 18
464 2863 732 2949 φεύγειν
763 2863 860 2940 εἰς
906 2857 1008 2928 ἀεὶ
1054 2863 1453 2947 τεταγμένος
1482 2859 1611 2929 ὖπὸ
1656 2865 2009 2947 βασιλέως.
2090 2867 2187 2929 18.
2231 2858 2268 2928 ὃ
2304 2862 2377 2929 δὲ
2415 2857 2615 2947 Ἀγα-

455 2966 709 3053 θοκλῆς
765 2967 878 3031 καὶ
929 2951 1140 3030 τᾶλλα
1189 2965 1310 3048 μὲν
1354 2968 1555 3051 συνῆν
1598 2967 1710 3030 καὶ
1756 2968 2129 3050 συναπῆρεν
2182 2961 2249 3041 ἐς
2290 2963 2411 3048 τὴν
2450 2956 2615 3030 Ἰτα-

456 3068 606 3132 λίαν
662 3069 773 3132 καὶ
828 3068 1267 3155 συνεισῆλθεν
1326 3059 1392 3142 ἔς
1443 3064 1520 3132 τὸ
1582 3065 2001 3154 δικαστήριον
2055 3064 2263 3149 μόνος
2305 3068 2442 3130 τῶν
2498 3071 2615 3152 φί-

455 3170 588 3234 λων
644 3171 756 3235 καὶ
813 3167 987 3251 πρὸς
1043 3162 1237 3234 οὐδὲν
1293 3166 1653 3254 ἐνεδέησεν.
1741 3166 1895 3234 ἐπεὶ
1956 3167 2029 3233 δὲ
2085 3161 2208 3255 ἤδη
2254 3168 2531 3254 εφευγεν
2576 3161 2609 3231 o‘

451 3277 756 3352 Δεινίας,
819 3267 973 3336 οὐδὲ
1016 3269 1172 3337 τότε
1218 3263 1611 3358 ἇπελείφθη
1658 3273 1779 3337 τοῦ
1822 3267 2111 3356 ἑταίρου,
2163 3268 2612 3344 καταδικάσας

449 3372 522 3437 δὲ
581 3365 782 3449 αὐτὸς
839 3367 1044 3437 αὑτοῦ
1103 3371 1431 3456 διέτριβεν
1476 3369 1544 3436 ἐν
1590 3369 1831 3456 Γυάρῳ
1887 3374 1999 3438 καὶ
2053 3369 2450 3456 συνέφευγεν
2496 3362 2612 3434 αὗ-

445 3477 574 3559 τῷ,
649 3476 758 3540 καὶ
827 3471 1061 3562 ἐπειδὴ
1131 3467 1569 3539 παντάπασιν
1644 3469 1945 3557 ἠπόρουν
2009 3474 2141 3538 τῶν
2208 3464 2608 3556 αναγκαίων,

445 3575 795 3663 παραδοὺς
855 3573 1093 3642 ἑαυτὸν
1149 3589 1293 3653 τοῖς
1350 3578 1775 3663 πορφυρεῦσι
1830 3572 2302 3660 συγκατεδύετο
2361 3575 2477 3640 καὶ
2531 3568 2605 3637 τὸ

443 3677 791 3762 γινόμενον
849 3676 918 3743 ἐκ
974 3675 1212 3743 τούτου
1271 3671 1638 3764 ἀποφέρων
1697 3674 1936 3764 ἔτρεφε
1992 3674 2111 3742 τὸν
2162 3680 2444 3741 Δεινίαν
2499 3674 2611 3738 καὶ

446 3778 822 3864 νοσήσαντά
865 3803 940 3845 τε
984 3777 1097 3845 ἐπὶ
1143 3778 1463 3865 μήκιστον
1507 3776 1930 3864 ἐθεράπευσε
1971 3779 2082 3842 καὶ
2130 3770 2610 3852 ἀποθανόντος

445 3875 666 3949 οὐκέτι
720 3881 1125 3948 ἐπανελθεῖν
1182 3879 1250 3958 ἐς
1292 3879 1413 3968 τὴν
1468 3878 1707 3946 ἑαυτοῦ
1761 3873 2127 3968 ἠθέλησεν,
2188 3871 2332 3944 ἀλλ’
2401 3871 2611 3944 αὐτοῦ

447 3982 512 4048 ἐν
570 3986 651 4069 τῇ
711 3982 890 4071 νήσῳ
950 3981 1204 4066 ἔμεινεν
1263 3979 1736 4063 αἰσχυνόμενος
1786 3984 1899 4047 καὶ
1954 3981 2300 4046 τεθνεῶτα
2360 3979 2610 4046 άπολι-
