2750 4534
119 657 171 698 e.
201 641 314 698 23.

712 256 1043 310 IMAGINES.
1079 286 1143 295 -
1179 256 1309 310 PRO
1345 256 1744 311 IMAGlNlBUS.
2186 257 2303 317 173

346 451 465 492 non
511 432 588 492 ad
631 432 862 493 Icarum
909 449 1042 492 esse
1083 429 1497 511 referendum,
1550 432 1659 492 sed
1702 432 1780 491 ad
1826 449 1928 493 eos
1977 434 2079 510 qui
2120 434 2300 509 paulo

347 539 485 594 ante
529 535 812 611 descripti
855 537 992 594 sunt
1033 530 1116 597 οὐ
1158 534 1501 613 μένουσιν,
1556 532 1886 615 ἀφορῶσι,
1947 530 2301 614 βιάζονται.

346 642 476 700 καὶ
533 632 729 718 αὐτὴ
790 638 1062 717 ἐκείνη
1106 688 1119 700 .
1156 686 1170 699 .
1219 643 1356 699 τῶν
1411 633 1737 701 τοιούτων
1794 640 2225 719 κεχωρισμένη
2282 635 2299 719 l:

346 735 542 819 αι’τὴ
591 745 719 803 καὶ
773 740 1055 824 ἐκείνῳ
1101 739 1222 815 (vel
1269 757 1340 799 eo
1386 742 1645 817 secreta)
1685 737 1851 800 det.
1897 774 1981 785 -
2024 739 2298 803 Ceterum

345 843 534 903 haee
591 843 838 902 omnia
890 836 1412 921 μονιμώτερα
1462 859 1697 917 usque
1741 842 1829 902 ad
1872 838 2075 906 α’λλὰ
2118 856 2297 920 ταῖς

343 940 554 1025 παρὰ
611 950 968 1008 Μουσῶν
1027 944 1508 1020 ἐπιπνοίαις
1576 934 2044 1025 εἴκασται,
2099 946 2299 1007 haud

343 1046 737 1129 Luoipnea
793 1063 964 1106 esse
1008 1046 1292 1124 iudico,
1353 1048 1524 1122 quasi
1580 1064 1725 1107 vero
1780 1048 2020 1108 chartae
2062 1046 2297 1110 facilius

344 1148 543 1209 ferant
571 1151 827 1209 aetatem
873 1165 1048 1225 quam
1089 1150 1254 1225 ligna
1285 1152 1346 1209 et
1375 1150 1628 1228 colores,
1673 1147 2033 1228 spiritusque
2064 1150 2297 1211 divinus

343 1252 537 1311 minus
583 1252 790 1328 vigeat
829 1252 892 1309 in
926 1250 1146 1311 tabulis
1173 1252 1346 1327 pictis
1394 1268 1569 1326 quam
1612 1253 1675 1310 in
1719 1269 2013 1312 musarum
2042 1254 2296 1329 seriptis.

345 1351 582 1428 Optime
639 1357 834 1413 autem
892 1356 1034 1429 apta.
1089 1357 1226 1413 sunt
1278 1355 1657 1433 παρέχωμεν
1701 1348 1899 1417 ἅπασι
1941 1350 2296 1435 θαυμάζειν

342 1467 484 1529 τοῖς
539 1477 606 1517 τε
661 1459 786 1517 νῦν
846 1448 992 1518 οὖσι
1050 1458 1156 1516 καὶ
1212 1466 1352 1530 τοῖς
1408 1454 1478 1517 ἐν
1522 1451 1771 1539 ὑστέρῳ
1816 1457 2171 1535 ἐσομένοις,
2237 1461 2299 1518 et

345 1556 572 1637 εἴπερ
615 1555 728 1632 (sic
774 1558 932 1617 enim
973 1575 1082 1633 pro
1124 1552 1284 1638 ἤπερ
1320 1557 1642 1634 legendum
1670 1556 1828 1619 1824
1862 1557 2008 1633 ΓΒ)
2054 1555 2298 1639 ἀκριβε-

349 1654 546 1738 στάτη
593 1654 781 1721 εἰκὼν
827 1660 1039 1737 γένοιτ
1057 1656 1072 1678 ’
1139 1654 1220 1722 ἂν
1280 1655 1576 1734 σώματος
1628 1655 1868 1735 καλλος
1926 1665 2032 1723 καὶ
2086 1669 2295 1740 ψυχῗς

271 1756 274 1759 ’
349 1757 580 1841 α’ρετὴν
616 1756 746 1836 ἅμα
792 1762 1246 1840 ἐμφανίζουσα.
1314 1760 1481 1833 Quae
1527 1764 1720 1821 autem
1748 1763 2099 1839 interposita
2138 1768 2293 1843 sunt,

345 1859 754 1943 μονιμώτερα
797 1886 852 1927 κ.
887 1887 940 1928 τ.
976 1870 1056 1942 λ.,
1103 1866 1163 1923 et
1197 1862 1273 1923 ab
1301 1881 1367 1923 re
1414 1865 1677 1924 instituta
1719 1864 2041 1925 abhorrent
2084 1869 2144 1926 et
2183 1883 2296 1942 per

348 1982 415 2026 se
445 1967 650 2042 inepta
677 1968 831 2025 sunt.

844 2235 1012 2303 PRO
1056 2235 1591 2305 IMAGINIBUS.

518 2374 703 2435 Godd.
751 2374 914 2435 Gorl.
959 2370 1012 2433 A
1065 2376 1246 2435 Marc.
1289 2368 1360 2434 Ω
1407 2373 1539 2435 Vat.
1586 2370 1636 2433 Γ
1679 2376 2003 2436 Praeterea
2058 2378 2118 2436 in
2173 2375 2287 2436 hoc

345 2478 566 2552 scripto
610 2479 694 2537 uti
737 2478 902 2553 potui
945 2478 1279 2538 conlatione
1327 2477 1547 2537 codicis
1576 2478 1901 2555 Harleiani,
1950 2496 2125 2553 quam
2153 2479 2286 2538 Nils

345 2579 547 2639 Nileni
591 2578 918 2640 liberalitas
962 2579 1103 2637 mihi
1147 2580 1453 2639 commisit.

171 2699 221 2741 o.
255 2685 320 2740 2.
354 2680 500 2745 οἶδα
543 2680 663 2761 ἔφη
700 2679 711 2760 Ι
750 2680 869 2761 ἔφη
915 2679 1060 2744 οἶδα
1106 2675 1443 2742 erun-1.

167 2802 219 2843 c.
249 2788 310 2845 3.
346 2779 474 2847 ἀπὸ
520 2784 824 2847 ἰσοπέδου
857 2778 881 2863 ΙΙ
915 2778 1044 2846 α’πὸ
1088 2790 1211 2847 τοῦ
1260 2787 1338 2845 ἰσ.
1390 2778 1729 2845 erun-1.

170 2904 220 2945 e.
251 2890 313 2945 5.
347 2882 497 2949 οὐδὲ
543 2880 730 2961 (σσας
775 2882 1066 2963 ὀλίγας
1109 2880 1224 2961 τὰς
1254 2885 1495 2949 ἑαυτοῦ
1538 2891 1755 2966 τρίχας
1801 2884 2032 2965 ἔχουσα
2064 2880 2088 2966 ΙΙ
2122 2882 2286 2949 ὀλί-

345 3010 484 3065 γας
529 2982 719 3062 ὅσας
763 2987 1036 3047 sollemni
1076 2986 1205 3047 fere
1241 2988 1558 3049 verborum
1589 2988 1981 3050 collocatione
2025 2986 2103 3047 ef.
2134 2984 2286 3051 α’κα-

343 3102 559 3170 ριαῖον
617 3084 776 3153 ὅσον
830 3089 1096 3151 Hermot.
1143 3107 1196 3149 e.
1246 3094 1297 3154 6.
1391 3085 1625 3171 μικρὸν
1672 3085 1832 3154 ὅσον
1875 3089 2078 3150 Herm.
2125 3108 2177 3149 c.
2229 3094 2281 3154 6.

340 3197 541 3272 μυρία
587 3186 709 3255 ὅσα
752 3191 880 3267 Iup.
925 3195 1078 3268 trag.
1110 3209 1162 3251 o.
1199 3195 1299 3256 20.
1373 3200 1679 3256 πλεῖστον
1724 3188 1881 3257 ὅσον
1910 3192 2063 3253 Tox.
2096 3211 2149 3252 e.
2189 3195 2281 3257 12.

343 3293 513 3354 Adde
543 3288 862 3374 Ηράκλεις
891 3289 1054 3357 ὅσον
1088 3294 1162 3353 de
1192 3294 1326 3356 hist.
1359 3295 1653 3356 conscrib.
1690 3313 1737 3359 o.
1780 3300 1875 3355 19.
1906 3296 2065 3354 Men.
2097 3312 2144 3358 e.
2189 3299 2283 3353 14.

343 3394 420 3455 ef.
467 3396 860 3455 Lucianea
901 3414 960 3471 p.
993 3400 1088 3459 94.

167 3516 219 3559 e.
248 3503 309 3559 8.
337 3493 789 3578 μαρτύρασθαι
821 3494 844 3576 ΙΙ
874 3493 1310 3579 μαρτύρεσθαι
1357 3493 1504 3556 ῼΓ
1529 3496 1707 3560 Harl.

169 3619 217 3661 c.
247 3606 306 3661 9.
341 3596 502 3680 ἅπερ
549 3595 803 3663 αὐτὸν
845 3595 1297 3681 ἡγησάμενοςΙΙ
1342 3595 1546 3662 αὑτὸν
1591 3598 1757 3659 det.
1802 3632 1884 3643 --—
1930 3596 2148 3662 εἰκόνα
2192 3623 2289 3678 γε·

339 3703 568 3765 νέσθαι
626 3708 746 3766 τοῦ
803 3696 1147 3781 βασιλέως,
1206 3701 1495 3781 ἔχοντα
1562 3696 1679 3764 δύο
1737 3696 1956 3777 πόλεις
2013 3701 2083 3764 ἐν
2138 3716 2284 3765 ταῖν

331 3818 557 3885 χεροῖν
589 3800 612 3886 ΙΙ
646 3804 974 3883 ἔχοντος
1019 3804 1132 3865 Bk.
1177 3802 1320 3863 Ddf.

135 3923 179 3965 o.
209 3912 306 3967 10.
338 3902 416 3982 μὶ
448 3902 568 3987 γὰρ
592 3905 756 3969 εἶναι
778 3931 832 3970 τ.
860 3903 1266 3988 τηλικούτων
1291 3900 1501 3983 ἀξίαν,
1524 3908 1680 3985 μηδὲ
1703 3901 1907 3984 ἐγγὺς,
1940 3901 1980 3969 <⁰
1992 3930 2065 3969 τι
2093 3929 2191 3992 μῃ
2208 3911 2245 3970 δ
2258 3910 2285 3970 ὲ

343 4004 598 4089 ἄλλην
628 4004 840 4088 τινὰ,
872 4002 1214 4086 γυναῖκά
1239 4030 1320 4086 γε
1344 4001 2005 4093 οὗσανΙΙ[ὁ’τι]μηὸ“ὲ
2030 4004 2285 4090 ἄλλην
