2750 4534
1018 205 1181 259 ΖΕΥΣ
1217 204 1589 259 ΤΙἈΓΩιΔΟΣ.
2250 205 2372 264 103

209 399 414 458 μενος
459 358 530 440 ⁶23
584 373 767 457 μάλα
826 372 1056 460 ἐῴκειν
1113 374 1508 463 φιλοσόφῳ·
1564 378 1676 442 καὶ
1731 373 1808 464 δὴ
1857 374 2372 460 παραγκωνισάο

209 502 414 560 μενος
478 475 636 555 τοὺς
700 476 994 555 πολλοὺς
1059 477 1443 563 εἰσέρχομαι
1499 472 1940 564 ἆγνοούμενος
2005 470 2194 557 ὅστις
2226 465 2327 565 ’ἦν
2354 497 2369 512 ·

210 576 500 666 εὖρίσκω
549 579 620 645 δὲ
662 578 778 646 τὸν
817 573 1267 664 Ἐπικούρειον
1309 584 1566 664 Δᾶμιν,
1620 578 1737 647 τὸν
1782 578 2215 665 ἐπίτριπτον,
2260 584 2370 647 καὶ

105 694 188 745 661
214 683 558 764 Τιμοκλέα
599 678 718 747 τὸν
761 680 1076 766 Στωϊκόν,
1125 675 1381 767 ἀνδρῶν
1424 684 1790 765 βέλτιστον,
1840 681 2149 765 ἐκθύμως
2191 682 2369 749 πάνυ

205 782 580 869 ἐρίζοντας·
651 779 686 847 ὅ
745 788 900 869 γοῦν
975 785 1305 873 Τιμοκλῆς
1359 787 1473 851 καὶ
1537 785 1727 869 ἵδρου
1785 787 1895 851 καὶ
1952 784 2071 873 τὴν
2140 784 2371 873 φωνὴν

203 881 334 972 ἤδη
386 883 772 962 ἐξεκέκοπτο
817 881 952 952 ὑπὸ
1000 888 1117 972 τῆς
1159 889 1352 973 βοῆς,
1401 882 1435 952 ὃ
1482 889 1709 970 Δᾶμις
1754 886 1825 952 δὲ
1870 885 1946 954 τὸ
1997 886 2368 971 σαρδώνιον

204 980 646 1070 ἐπιμωκεύων
693 986 792 1054 ἔτι
834 989 1089 1071 μᾶλλον
1134 986 1489 1073 παρώξυνε
1531 986 1648 1054 τὸν
1702 989 2050 1070 Τιμοκλέα.
2139 994 2239 1054 17.
2288 972 2369 1073 ἦν
2404 998 2469 1051 17

205 1090 280 1155 δὲ
329 1084 465 1174 ἄρα
508 1094 666 1174 περὶ
710 1086 897 1181 ἡμῶν
941 1087 976 1155 ὃ
1024 1092 1164 1167 πᾶς
1209 1090 1401 1175 λόγος
1450 1082 1706 1167 αὐτοῖς·
1754 1086 1789 1156 ὃ
1836 1090 1955 1173 μὲν
1998 1088 2121 1176 γὰρ
2166 1089 2369 1155 κατά-

204 1215 415 1274 ρατος
457 1195 685 1275 Δᾶμις
731 1186 884 1259 οὔτε
927 1204 1240 1274 προνοεῖν
1295 1186 1469 1279 ἡμᾶς
1514 1191 1763 1279 ἔφασκε
1804 1194 1938 1258 τῶν
1984 1186 2369 1277 ἀνθρώπων

204 1287 354 1358 οὔτ’
409 1290 804 1360 ἐπισκοπεῖν
847 1291 932 1358 τὰ
975 1293 1293 1379 γινόμενα
1337 1286 1504 1376 παρ’
1562 1286 1822 1377 αὐτοῖς,
1886 1286 2074 1359 οὐδὲν
2120 1289 2281 1359 ἄλλο
2327 1283 2368 1383 ἢ

199 1394 379 1481 μηδὲ
434 1386 608 1473 ὅλως
651 1390 828 1479 ἡμᾶς
875 1390 1054 1489 εἶναι
1093 1396 1329 1480 λέγων·
1394 1397 1590 1461 τοῦτο
1636 1392 1760 1479 γάρ
1810 1387 1989 1480 αύτῷ
2034 1393 2281 1482 δηλαδὴ
2328 1390 2362 1461 o‘

203 1490 405 1581 λόγος
463 1494 758 1562 ἐδύνατο.
845 1499 956 1564 καὶ
1015 1490 1185 1584 ἠσάν
1237 1520 1415 1573 τινες
1459 1499 1525 1563 οἳ
1570 1494 1855 1582 ἐπῄνουν
1900 1489 2121 1563 αὐτόν.
2210 1492 2245 1561 ὁ
2296 1496 2360 1561 δ’

205 1597 436 1682 ἕτερος
493 1596 577 1663 τὰ
635 1593 922 1686 ἡμέτερα
981 1594 1014 1662 ὅ
1083 1599 1416 1685 Τιμοκλῆς
1476 1596 1746 1687 ἐφρόνει
1796 1600 1907 1664 καὶ
1963 1594 2365 1681 ὗπερεμάχει

204 1701 320 1766 καὶ
380 1693 730 1789 ἠγανάκτει
786 1702 900 1766 καὶ
949 1699 1176 1766 πάντα
1231 1699 1487 1784 τρόπον
1544 1699 2005 1786 ξυνηγωνίζετο
2049 1698 2167 1787 τὴν
2213 1698 2365 1766 ἐπι-

203 1803 481 1884 μέλειαν
537 1797 726 1889 ἡμῶν
783 1800 1077 1867 ἐπαινῶν
1121 1804 1230 1868 καὶ
1279 1801 1570 1883 διεξιών,
1618 1797 1708 1878 ῶς
1754 1800 1821 1868 ἐν
1865 1800 2092 1887 κόσμῳ
2136 1826 2210 1866 τε
2252 1803 2361 1867 καὶ

202 1904 395 1982 τάξει
452 1908 533 1991 τῇ
590 1902 1016 1991 προσηκούσῃ
1078 1901 1496 1991 ἐξηγούμεθα
1554 1906 1664 1970 καὶ
1724 1902 2161 1987 διατάττομεν
2216 1902 2364 1969 ἕκα-

204 2025 366 2073 στα·
434 2009 544 2073 καὶ
613 2001 746 2087 εἶχε
809 2011 931 2088 μέν
997 2030 1183 2083 τινας
1247 2008 1360 2073 καὶ
1428 1999 1627 2084 αὐτὸς
1692 2005 1846 2083 τοὺς
1904 2004 2361 2082 ἐπαινοῦντας.

203 2106 384 2195 πλὴν
431 2105 770 2195 ἐκεκμήκει
811 2132 884 2192 γε
925 2104 1050 2196 ἤδη
1095 2109 1207 2174 καὶ
1253 2107 1565 2194 πονήρως
1611 2107 1855 2195 ἐφώνει
1898 2111 2011 2174 καὶ
2054 2107 2131 2173 τὸ
2192 2109 2365 2193 πλῆ-

110 2216 339 2288 662θος
371 2209 440 2288 ἐς
467 2207 587 2277 τὸν
614 2212 844 2292 Δᾶμιν
883 2203 1243 2294 ἀπέβλεπε.
1320 2212 1537 2288 συνεὶς
1583 2210 1655 2276 δὲ
1701 2206 1825 2295 ἐγώ
1868 2208 1945 2275 τὸ
1991 2207 2363 2275 κινδυνευό-

204 2338 407 2394 μενον
461 2311 583 2402 τὴν
641 2311 838 2378 νύκτα
906 2309 1213 2377 ἐκέλευσα
1278 2317 1762 2395 περιχυθεῖσαν
1826 2311 1945 2395 τὴν
2014 2310 2362 2388 ξυνουσίαν

207 2415 546 2482 διαλῦσαι.
638 2408 956 2502 ἀπῆλθον
1002 2398 1117 2482 ούν
1175 2414 1241 2492 ἐς
1289 2412 1409 2499 τὴν
1454 2410 1810 2497 ὑστεραίαν
1857 2413 2252 2496 ξυνθέμενοι
2296 2412 2362 2491 ἐς

203 2520 398 2595 τέλος
460 2516 918 2604 ἐπισκοπῆσαι
981 2514 1097 2583 τὸν
1165 2515 1391 2602 λόγον,
1459 2509 1637 2601 κᾶγώ
1704 2519 2155 2601 παρομαρτῶν
2219 2529 2361 2592 τοῖς

204 2621 490 2698 πολλοῖς
545 2618 872 2707 ἐπήκουον
929 2617 1176 2702 μεταξὺ
1233 2612 1574 2686 ἀπιόντων
1630 2618 1859 2684 οἴκαδε
1903 2611 2072 2701 παρ’
2124 2614 2362 2694 αὖτοὺς

205 2721 664 2790 ἐπαινούντων
707 2720 792 2787 τὰ
837 2724 954 2788 τοῦ
991 2721 1304 2817 ᾼάμιδος
1347 2724 1462 2789 καὶ
1508 2716 1631 2807 ἤδη
1678 2720 1866 2805 παρὰ
1912 2718 2084 2788 πολὺ
2133 2720 2360 2803 αἱρου-

202 2831 426 2909 μένων
487 2822 572 2889 τὰ
623 2817 887 2890 ’κείνου.
977 2818 1145 2910 ἠσαν
1213 2822 1284 2889 δὲ
1339 2826 1449 2889 καὶ
1510 2822 1577 2890 οἱ
1640 2820 1728 2909 μὴ
1790 2815 2125 2901 ἀξιοῦντες
2190 2846 2359 2906 προ-

202 2930 684 3012 κατεγνωκέναι
738 2928 873 2992 τῶν
932 2923 1248 2992 ἐναντίων
1307 2918 1477 2990 ἄλλα
1522 2928 1902 3009 περιμένειν
1948 2923 2016 2991 εἴ
2051 2949 2122 2991 τι
2164 2926 2277 2990 καὶ
2321 2919 2355 2991 ὃ

209 3029 547 3115 Τιμοκλῆς
579 3022 810 3114 αὔριον
841 3024 992 3113 ἐρεῖ.
1055 3031 1154 3093 18.
1200 3020 1391 3093 ταῦτ’
1445 3026 1623 3094 ἔστιν
1656 3019 1765 3115 ἐφ’
1818 3024 1921 3103 οἶς
1962 3021 2133 3109 ὑμᾶς
2178 3025 2359 3104 ξυνε-
2391 3037 2470 3091 18·
2510 3014 2517 3022 ’

201 3131 486 3211 κάλεσα,
546 3125 622 3195 ού
675 3128 906 3214 μικρά,
954 3114 1006 3193 ῶ
1051 3133 1241 3209 θεοί,
1289 3128 1349 3195 εἰ
1395 3130 1739 3215 λογιεῖσθε
1784 3124 1875 3205 ὥς
1920 3125 1959 3217 ἡ
2008 3132 2198 3195 πᾶσα
2241 3130 2361 3212 μὲν

201 3230 366 3321 ἡμῖν
410 3231 566 3318 τιμὴ
611 3236 723 3299 καὶ
768 3230 1106 3318 πρόσοδος
1148 3233 1260 3297 καὶ
1312 3231 1475 3309 δόξα
1522 3232 1588 3299 οἱ
1633 3226 1998 3318 ἄνθρωποί
2040 3230 2240 3298 εἰσιν·
2302 3231 2360 3297 εἰ

204 3331 269 3403 δ’
311 3328 500 3402 οὗτοι
530 3339 882 3401 πεισθεῖεν
911 3323 953 3422 ἢ
982 3333 1150 3422 μηδὲ
1178 3325 1352 3412 ὅλως
1384 3333 1593 3411 θεοὺς
1622 3330 1795 3401 εἶναι
1829 3322 1871 3422 ἢ
1900 3328 2099 3411 ὄντας
2143 3327 2360 3419 ἄπρο-

203 3434 484 3525 νοήτους
514 3434 688 3504 εἶναι
732 3439 922 3525 σφῶν
970 3430 1204 3517 αὐτῶν,
1252 3432 1479 3503 ἄθυτα
1522 3440 1637 3504 καὶ
1680 3430 2013 3521 ἀγέραστα
2054 3438 2161 3502 καὶ
2210 3430 2358 3504 ἇτί·

201 3565 384 3627 μητα
412 3534 571 3628 ἡμῖν
617 3537 806 3605 ἔσται
833 3535 917 3603 τὰ
951 3530 1026 3603 ἐκ
1053 3540 1172 3621 γῆς
1200 3540 1311 3604 καὶ
1348 3531 1566 3625 μα’την
1612 3535 1679 3603 ἐν
1726 3530 1985 3622 ούρανῷ
2028 3537 2358 3605 καθεδού-

201 3647 393 3726 μεθα
460 3642 635 3726 λιμῶ
701 3638 1031 3723 ἐχόμενοι,
1107 3638 1352 3723 ἑορτῶν
1420 3638 1683 3706 ἐκείνων
1749 3640 1860 3705 καὶ
1928 3638 2357 3725 πανηγύρεων

202 3746 316 3811 καὶ
386 3736 658 3828 ἇγώνων
721 3745 834 3809 καὶ
897 3745 1162 3809 θυσιῶν
1226 3744 1335 3809 καὶ
1405 3740 1825 3824 παννυχίδων
1889 3742 1998 3806 καὶ
2062 3746 2358 3824 πομπῶν

111 3845 618 3931 663στερόμενοι.
693 3840 785 3923 ὥς
831 3830 944 3916 ούν
987 3840 1158 3930 ὓπερ
1201 3842 1603 3931 τηλικούτων
1650 3844 1821 3931 φημὶ
1870 3842 2007 3910 δεῖν
2054 3836 2359 3924 ἅπαντας

205 3947 502 4015 ἐπινοεῖν
532 3973 600 4014 τι
631 3946 959 4034 σωτήριον
988 3960 1131 4024 τοῖς
1174 3948 1469 4040 παροῦσι
1514 3947 1627 4012 καὶ
1672 3938 1799 4033 ἀφ’
1842 3936 2001 4012 ὅτου
2046 3946 2357 4037 κρατήσει
