2750 4534
948 266 1110 319 ΖΕΥΣ
1145 266 1512 322 ΤΡΑῙὮιΔΟΣ.
2233 271 2313 328 95

136 435 482 503 ἐπίπονον
536 436 666 522 γάρ
719 461 870 503 τινα
928 438 1039 502 καὶ
1101 429 1216 503 οῦκ
1277 432 1588 525 εὔμοιρόν
1644 464 1765 522 μοι
1818 438 2084 505 δοκοῦσι
2127 444 2317 521 βιοῦν

134 537 251 603 τὸν
311 542 474 621 βίον
529 541 824 604 τοσαῦτα
882 537 1152 620 ἔχουσαι
1209 538 1573 624 πράγματα
1617 545 1762 621 καί,
1822 537 1911 618 ὥς
1958 540 2190 622 εόικεν,
2239 535 2315 606 οὗ

133 638 320 704 πάνυ
398 632 550 705 οῦδὲ
617 633 815 706 αὗται
879 636 1014 705 ὑπὸ
1079 644 1332 727 χρηστῇ
1394 641 1793 754 Εἱμαρμένῃ
1846 640 2312 729 ἐγεννήθησαν.

133 735 260 821 ἐγώ
331 739 526 821 γοῦν,
597 736 662 803 εί
710 762 830 819 μοι
897 737 1155 822 αίρεσις
1223 738 1495 825 δοθείη,
1567 731 1683 804 οῦκ
1750 764 1831 804 αν
1900 732 2315 824 ἀλλαξαίμην

134 838 314 923 πρὸς
369 832 574 916 αὐτὰς
615 836 734 905 τὸν
779 838 1066 922 ἐμαυτοῦ
1119 844 1300 922 βίον,
1367 834 1518 905 ἀλλ’
1584 839 1858 927 ἑλοίμην
1918 830 1999 905 ἂν
2043 838 2142 907 ἔτι
2188 864 2315 905 πε-

134 944 455 1023 νέστερος
529 940 885 1022 διαβιῶναι
956 935 1128 1028 ἤπερ
1202 944 1561 1029 καθῆσθαι
1633 941 1916 1009 κλώθων
1994 937 2313 1026 ἄτρακτον

132 1042 492 1109 τοσούτων
519 1042 930 1127 πραγμάτων
975 1042 1238 1125 μεστόν,
1287 1042 1653 1164 ἐπιτηρῶν
1669 1043 1931 1109 ἕκαστα.
2002 1042 2062 1109 εἰ
2106 1043 2178 1109 δὲ
2220 1043 2311 1132 μὴ

136 1143 384 1231 ῥᾴδιόν
432 1166 542 1210 σοι
589 1137 1096 1230 ἀποκρίνασθαι
1143 1143 1316 1269 πρὸς
1359 1138 1549 1225 αῦτά,
1598 1142 1649 1211 ὠ
1699 1149 1851 1226 Ζεῦ,
1896 1148 2007 1212 καὶ
2053 1145 2314 1222 τούτοις

136 1238 590 1331 ἀγαπήσομεν
636 1244 737 1322 οῖς
783 1238 1156 1330 ἀπεκρίνω·
1206 1244 1400 1311 ἱκανὰ
1446 1244 1572 1331 γὰρ
1606 1244 1976 1367 εμφανίσαι
2005 1245 2121 1313 τὸν
2154 1247 2311 1328 περὶ

135 1350 252 1434 τῆς
301 1348 731 1439 Εἱμαρμένης
788 1349 900 1414 καὶ
944 1352 1285 1433 Προνοίας
1349 1346 1573 1432 λόγον·
1634 1345 1717 1413 τὰ
1776 1345 1983 1413 λοιπὰ
2030 1347 2102 1413 δὲ
2146 1348 2313 1424 ἰ’σως

137 1448 252 1532 οὐχ
301 1448 588 1533 εἵμαρτο
633 1442 916 1515 ἀκοῦσαί
956 1474 1092 1531 μοι.

53 2020 126 2069 ⁶⁴2
655 2008 982 2088 ΖΕΥΣ
1059 2006 1799 2094 ΤΡΑΓῼιΔΟΣ.

149 2188 199 2245 1.
249 2183 596 2246 ΕΡΜΗΣ.
636 2164 709 2245 Ὦ
739 2181 889 2257 Ζεῦ,
935 2184 1003 2245 τί
1048 2177 1319 2255 σύννους
1362 2177 1744 2261 καταμόνας
1791 2183 2016 2265 σαυτῷ
2062 2181 2303 2257 λαλεῖς,
2343 2192 2375 2243 1

407 2276 616 2365 ὦχρός
660 2283 1078 2365 περιπατῶν,
1126 2280 1511 2367 φιλοσόφου
1556 2279 1631 2346 τὸ
1673 2274 1889 2366 χρῶμ’
1944 2281 2147 2365 ἔχωνς

406 2381 555 2466 ἐμοὶ
601 2380 1067 2468 προσανάθου,
1117 2384 1278 2464 λαβέ
1320 2407 1403 2465 με
1451 2380 1821 2465 σύμβουλον
1868 2382 2115 2465 πόνων,

402 2482 491 2570 μὴ
538 2482 1048 2570 καταφρονήσῃς
1092 2482 1350 2549 οἰκέτου
1398 2484 1751 2569 φλυαρίας.

147 2590 525 2653 ΑΘΗΝΗ.
569 2587 708 2651 Ναὶ
754 2583 968 2669 πάτερ
999 2583 1292 2671 ἡμέτερε,
1323 2584 1638 2670 Κρονίδη,
1685 2577 1904 2650 ῦπατε
1937 2584 2308 2667 κρειόντων,

401 2689 764 2773 γουνοῦμαί
808 2710 884 2751 σε
926 2685 1060 2752 θεὰ
1106 2688 1509 2771 γλαυκῶπις,
1555 2690 1979 2770 τριτογένεια,

406 2787 666 2868 ἐξαύδα,
708 2786 798 2877 μὴ
843 2791 1047 2854 κεῦθε
1094 2788 1245 2874 νόῳ,
1290 2788 1405 2853 ι’να
1452 2787 1715 2869 εἴδομεν
1760 2783 1904 2876 ἤδη,

63 2897 132 2947 643
407 2896 510 2969 τίς
552 2893 748 2977 μῆτις
794 2889 1016 2956 δάκνει
1063 2913 1138 2956 σε
1181 2888 1346 2955 κατά
1395 2894 1605 2976 φρένα
1649 2891 1761 2955 καὶ
1804 2888 1973 2956 κατὰ
2017 2890 2259 2974 θυμόν,

403 2978 446 3075 ἢ
490 2994 559 3054 τί
600 2986 770 3071 βαρὺ
820 2987 1154 3070 στενάχεις
1199 2972 1411 3073 ωχρός
1455 2992 1528 3053 τέ
1574 3010 1694 3053 σου
1740 2986 1874 3054 εἷλε
1917 2987 2242 3073 παρειάς,

150 3096 399 3156 ΖΕΥΣ.
474 3082 608 3156 Οῦκ
651 3094 834 3155 ἔστιν
879 3082 1068 3155 οῦδὲν
1114 3088 1331 3155 δεινὸν
1377 3082 1502 3153 ωδ
1557 3088 1772 3155 εἰπεῖν
1820 3088 2003 3170 ε’πος,

408 3184 560 3256 οῦδὲ
605 3188 841 3267 πάθος
883 3184 1034 3256 οὐδὲ
1084 3188 1391 3277 ξυμφορὰ
1437 3189 1829 3277 τραγῳδική,

409 3286 488 3381 ἧς
535 3285 648 3358 οῦκ
694 3282 772 3357 ὃν
820 3286 1038 3378 ἄροιτ’
1091 3286 1303 3374 ἰίχθος
1347 3288 1387 3379 ἡ
1434 3295 1616 3357 θεῶν
1663 3292 1915 3379 φύσις.-

151 3400 451 3462 ΑΘΗΝ.
483 3389 848 3474 ’Ἀπολλον,
898 3392 1068 3470 οἵοις
1115 3398 1463 3481 φροιμίοις
1510 3389 1695 3479 ὂὶρχει
1741 3393 1935 3479 λόγου
1951 3424 1972 3476 ,-

149 3502 395 3562 ΖΕΥΣ.
431 3481 504 3561 Ὦ
549 3494 970 3580 παγκάκιστα
1013 3494 1265 3577 χθόνια
1308 3498 1427 3581 γῆς
1472 3494 1919 3578 παιδεύματα,

406 3596 484 3662 σύ
528 3590 616 3676 τ’,
664 3582 716 3661 ὦ
763 3599 1158 3684 Προμηθεῦ,
1206 3593 1315 3662 οἷά
1363 3590 1439 3678 μ’
1495 3596 1801 3681 ε’ίργασαι
1844 3594 2030 3661 κακά.

149 3704 449 3766 ΑΘΗΝ.
522 3705 605 3765 Τί
651 3692 716 3762 δ’
771 3696 948 3781 ἕστίς
994 3697 1166 3781 πρὸς
1205 3696 1407 3783 χορὸν
1451 3696 1575 3782 γὰρ
1622 3696 1883 3762 οἰκείων
1931 3695 2120 3779 ἐρεῖς.

152 3807 398 3867 ΖΕΥΣ.
469 3785 540 3865 Ὦ
595 3800 1191 3887 μεγαλοσμαράγου
1252 3801 1585 3883 στεροπᾶς
1644 3796 1952 3884 ῥοίζημα,
2024 3803 2089 3864 τί
2148 3802 2312 3881 (μοι)

1455 3898 1701 3988 ῥέξεις,

153 4000 370 4071 ΗΡΑ.
451 4008 783 4086 Κοίμισον
851 3996 1086 4088 ὀργάν,
1145 4000 1205 4068 εἷ
1260 4000 1348 4087 μὴ
1409 4001 1782 4088 κωμωδεῑν,
1856 3984 1907 4065 ⁶5
1962 4003 2127 4077 Ζεῦ,
2201 4000 2312 4066 δυ-
