2750 4534
457 244 540 302 32
1350 247 1724 300 ΔΟΥΚΙΑΝΟΥ

373 407 378 413 ’
457 415 713 502 ξιτέλης
757 402 1055 502 ἐποίησε,
1099 418 1210 482 καὶ
1256 418 1390 481 τῶν
1435 409 1816 503 ὀφθαλμῶν
1846 416 1919 484 δὲ
1960 415 2039 483 τὸ
2084 413 2283 503 ὖγρόν
2331 409 2468 499 ἅμα
2514 423 2625 504 τῷ

456 516 722 604 φαιδρῷ
783 520 894 583 καὶ
950 517 1398 603 κεχαρισμένῳ
1453 521 1565 585 καὶ
1622 522 1820 586 τοῦτο
1873 519 2273 608 διαφυλάξει
2316 519 2485 588 κατὰ
2529 521 2623 586 τὸ
2642 535 2715 583 464

456 618 857 705 Πραξιτέλει
887 619 1150 685 δοκοῦν·
1182 617 1264 684 τὰ
1296 621 1477 706 μῆλα
1509 620 1581 686 δὲ
1609 623 1722 688 καὶ
1752 613 1882 688 ὅσα
1911 625 2029 709 τῆς
2064 616 2294 706 ὅψεως
2324 621 2623 688 άντωπά

455 713 1067 807 παρ’ᾏλκαμένους
1102 718 1254 808 [καὶ]
1285 725 1404 807 τῆς
1433 721 1501 789 ἐν
1532 722 1775 810 κήποις
1809 722 2120 811 λήψεται,
2166 727 2277 790 καὶ
2325 730 2626 805 προσέτι

427 826 691 907 χειρῶν
747 818 915 906 ἄκρα
972 825 1084 890 καὶ
1141 827 1417 908 καρπῶν
1473 822 1549 890 τὸ
1610 819 1947 910 εὔρυθμον
1986 827 2099 891 καὶ
2147 825 2484 891 δακτύλων
2527 825 2622 892 τὸ

455 919 786 1010 εὐάγωγον
845 923 912 1004 ἐς
970 923 1219 992 λεπτὸν
1277 918 1619 1016 ἀπολῆγον
1678 924 1867 1013 παρὰ
1922 929 2040 1009 τῆς
2098 927 2168 992 ἐν
2210 925 2455 1013 κήποις
2494 931 2623 994 καὶ

452 1030 700 1093 ταῦτα·
757 1025 877 1112 τὴν
922 1026 994 1092 δὲ
1059 1030 1177 1094 τοῦ
1242 1026 1500 1106 παντὸς
1565 1029 1943 1113 προσώπου
2008 1027 2431 1117 περιγραφὴν
2496 1033 2624 1095 καὶ

455 1131 756 1215 παρειῶν
785 1127 862 1195 τὸ
896 1124 1165 1195 ἇπαλόν
1190 1131 1303 1196 καὶ
1335 1131 1486 1217 ῥῖνα
1532 1129 1905 1217 σύμμετρον
1934 1125 1974 1219 ἦ
2006 1137 2287 1216 Λημνία
2331 1130 2625 1216 παρέξεῖ

452 1233 561 1297 καὶ
613 1232 926 1309 Φειδίας·
984 1230 1085 1298 ἔτι
1128 1234 1240 1299 καὶ
1295 1231 1624 1316 στόματος
1670 1227 1961 1318 ἁρμογὴν
2006 1227 2042 1298 o‘
2092 1227 2292 1310 αὐτὸς
2334 1235 2443 1299 καὶ
2490 1232 2621 1299 τὸν

457 1326 694 1416 αὐχένα
740 1331 927 1421 παρὰ
983 1338 1101 1420 τῆς
1148 1328 1514 1418 Ἀμαζόνος
1570 1335 1821 1419 λαβών·
1882 1330 1922 1421 ἡ
1969 1334 2335 1421 Σωσάνδρα
2380 1334 2452 1401 δὲ
2496 1341 2617 1402 καὶ

455 1430 490 1500 ὁ
559 1430 868 1520 Κάλαμις
935 1435 1121 1504 αἰδοῖ
1172 1437 1621 1521 κοσμήσουσιν
1679 1431 1911 1524 αὐτήν,
1978 1441 2089 1506 καὶ
2146 1436 2223 1504 τὸ
2282 1437 2619 1520 μειδίαμα

456 1536 696 1621 σεμνὸν
752 1541 863 1604 καὶ
909 1536 1195 1627 λεληθὸς
1250 1531 1483 1621 ῶσπερ
1526 1537 1602 1604 τὸ
1653 1537 1903 1627 ἐκείνης
1946 1539 2169 1606 ἔσται·
2220 1541 2332 1606 καὶ
2376 1538 2451 1604 τὸ
2503 1533 2619 1604 εὖ·

455 1639 692 1718 σταλὲς
754 1640 825 1706 δὲ
881 1642 994 1706 καὶ
1047 1633 1326 1723 κόσμιον
1382 1643 1500 1727 τῆς
1559 1633 1889 1726 ἀναβολῆς
1939 1638 2128 1727 παρὰ
2172 1643 2290 1726 τῆς
2333 1641 2616 1706 Σωσάν-

455 1742 648 1827 δρας,
723 1741 899 1832 πλὴν
972 1734 1080 1809 ὅτι
1154 1736 1537 1821 ἀκάλυπτος
1602 1735 1765 1832 αῧτη
1840 1741 2031 1808 ἔσται
2094 1741 2215 1830 τὴν
2277 1742 2613 1830 κεφαλήν·

451 1847 572 1931 τῆς
626 1839 887 1930 ἡλικίας
947 1844 1020 1910 δὲ
1060 1843 1136 1910 τὸ
1191 1849 1468 1930 μέτρον,
1526 1839 1752 1932 ἡλίκον
1796 1834 1879 1910 ὃν
1920 1849 2211 1929 γένοιτο,
2268 1843 2436 1910 κατὰ
2482 1843 2607 1926 τὴν

455 1943 522 2010 ἐν
567 1945 794 2031 Κνίδῳ
853 1945 1103 2033 ἐκείνην
1145 1945 1471 2029 μάλιστα·
1529 1950 1641 2013 καὶ
1698 1944 1824 2032 γὰρ
1881 1949 1992 2013 καὶ
2036 1949 2232 2012 τοῦτο
2276 1944 2444 2011 κατὰ
2491 1945 2613 2012 τὸν

452 2047 870 2135 Πραξιτέλην
913 2047 1381 2136 μεμετρήσθω.
1466 2056 1535 2114 τί
1581 2070 1719 2128 σοι,
1780 2033 1833 2113 ῶ
1878 2048 2341 2135 Πολύστρατε,
2397 2047 2615 2130 δοκεῖς

451 2149 614 2236 καλὴ
647 2149 1058 2240 γενήσεσθαι
1099 2145 1138 2237 ἡ
1189 2149 1422 2232 εἰκών,

623 2256 857 2319 ΠΟΛ.
945 2255 1082 2318 Καὶ
1136 2248 1476 2373 μοὶλινστας
1528 2250 1805 2318 ἐπειδὰν
1870 2250 1938 2331 ἐς
1991 2251 2068 2319 τὸ
2128 2238 2609 2339 ἀκριβέστατον

382 2365 413 2419 '2
453 2352 916 2442 ἀποτελεσθῇ·
981 2361 1037 2421 7.
1085 2353 1185 2421 έτι
1226 2353 1374 2439 γάρ,
1422 2339 1476 2420 ῶ
1523 2354 1795 2420 πάντων
1836 2354 2283 2439 γενναιότατε,
2325 2358 2609 2422 καταλέ-

407 2456 699 2535 λοιπάς
735 2481 802 2522 τι
829 2455 1072 2534 κάλλος
1101 2454 1228 2534 ἔξω
1271 2459 1395 2522 τοῦ
1440 2451 1841 2542 ἀγάλματος,
1888 2457 2099 2536 οὕτως
2142 2457 2367 2524 πάντα
2412 2457 2481 2534 ἐς
2522 2455 2704 2523 τὸ465
2748 2511 2750 2542 ff

455 2553 616 2626 αὐτὸ
664 2557 1220 2647 συμπεφορηκώς.
2747 2545 2750 2640 Ι

617 2666 838 2727 AYK.
938 2667 1021 2727 Τί
1063 2662 1297 2741 τοῦτο,·

619 2769 692 2829 Π
701 2765 854 2829 ΟΛ.
932 2755 1026 2828 Οὔ
1057 2760 1134 2827 τὸ
1165 2762 1587 2847 μικρότατον,
1630 2747 1685 2826 ῶ
1718 2761 2017 2850 φιλότης,
2064 2761 2126 2828 εἰ
2160 2762 2249 2851 μή
2282 2785 2393 2829 σοι
2425 2762 2607 2842 δόξει

451 2859 643 2950 ὀλίγα
702 2861 876 2948 πρὸς
935 2857 1308 2950 εὐμορφίαν
1353 2866 1688 2930 συντελεῖν
1732 2867 1967 2948 χρῶμα
2008 2863 2085 2931 τὸ
2135 2863 2391 2951 ἑκάστῳ
2437 2871 2606 2951 πρέ·

451 2990 603 3046 πον,
652 2961 742 3042 ῶς
785 2966 1039 3047 μέλανα
1083 2965 1203 3048 μὲν
1249 2961 1425 3032 εἶναι
1469 2958 1761 3051 ἀκριβῶς
1806 2961 2033 3033 ὁπόσα
2078 2967 2351 3050 μέλανα,
2399 2963 2596 3033 λευκὰ

452 3067 524 3134 δὲ
582 3059 710 3133 όσα
753 3069 1052 3133 τοιαῦτα.
1139 3064 1257 3153 χρὴ
1304 3069 1416 3132 καὶ
1462 3065 1539 3132 τὸ
1599 3065 1907 3194 ἐρύθημα
1964 3065 2291 3135 ἐπανθεῖν
2333 3071 2446 3134 καὶ
2496 3066 2604 3154 [τὰ

449 3172 726 3236 τοιαῦτα
745 3167 785 3254 ·]
841 3167 1204 3236 κινδυνεύει
1247 3171 1366 3234 τοῦ
1417 3174 1729 3254 μεγίστου
1782 3167 1885 3236 ε’τι
1924 3164 2084 3258 ἡμῖν
2128 3169 2449 3256 προσδεῖν
2493 3173 2606 3252 (ῒ).

451 3273 675 3338 πόθεν
720 3295 836 3337 ουν
879 3273 992 3337 καὶ
1034 3274 1244 3336 ταῦτα
1288 3263 1728 3357 πορισαίμεθ’
1780 3296 1899 3354 αν,

619 3380 842 3441 AYK.
932 3375 1512 3458 Παρακαλέσωμεν
1572 3372 1823 3460 δηλαδὴ
1881 3399 2040 3452 τους
2096 3378 2425 3462 γραφέας,
2492 3377 2607 3440 καὶ

449 3477 742 3560 μάλιστα
798 3471 1050 3542 ὁπόσοι
1106 3474 1321 3541 αὐτῶν
1380 3471 1650 3560 άριστοι
1692 3475 1990 3561 ἐγένοντο
2047 3476 2476 3562 κεράσασθαι
2521 3475 2605 3542 τὰ

445 3579 761 3666 χρώματα
790 3581 902 3646 καὶ
949 3572 1250 3661 εὔκαιρον
1281 3582 1645 3645 ποιεῖσθαι
1682 3577 1801 3663 τὴν
1832 3575 2153 3662 ἐπιβολὴν
2198 3573 2449 3646 αὐτῶν·
2492 3582 2608 3645 καὶ

452 3681 531 3766 δὴ
578 3678 1116 3766 παρακεκλήσθω
1161 3679 1599 3766 Πολύγνωτος
1640 3682 1756 3747 καὶ
1786 3673 2159 3766 Εὐφράνωρ
2205 3680 2451 3758 ἐκεῖνος
2492 3683 2605 3747 καὶ

444 3786 780 3872 Ἀπελλῆς
809 3784 919 3850 καὶ
941 3774 1245 3848 Ἀετίων·
1295 3775 1481 3849 οὗτοι
1528 3781 1600 3848 δὲ
1640 3781 2011 3866 διελόμενοι
2052 3781 2129 3848 τὸ
2167 3781 2354 3868 ἔργον
2400 3778 2435 3849 o‘
2481 3783 2607 3867 μὲν

455 3881 825 3975 Εὐφράνωρ
852 3883 1176 3968 χρωσάτω
1205 3881 1324 3970 τὴν
1358 3883 1569 3972 κόμην
1614 3883 1764 3950 οἵαν
1807 3886 1925 3971 τῆς
1951 3874 2164 3967 ’Ἠρας
2209 3883 2519 3970 ἔγραψεν,
2568 3880 2603 3950 ὅ

451 3988 890 4074 Πολύγνωτος
920 3985 994 4052 δὲ
1024 3981 1294 4075 ὀφρύων
1321 3985 1399 4052 τὸ
1450 3985 1825 4072 ἐπιπρεπὲς
1867 3988 1978 4053 καὶ
2025 3990 2327 4071 παρειῶν
2355 3987 2433 4054 τὸ
2468 3986 2610 4054 ἐνε-
