2750 4534
926 286 1206 342 ΤΟΞΑΡΙΣ
1240 288 1282 340 H
1320 287 1522 340 ΦΙΛῙΑ.
2241 283 2319 341 79

152 455 367 523 αὐτοῦ
414 451 546 522 ὗπὸ
608 458 741 521 τῶν
783 461 1182 542 γεραιτέρων
1241 458 1351 522 καὶ
1401 449 1691 539 ἀμείνων
1749 452 1833 521 τὰ
1880 454 2103 519 πάντα
2150 453 2320 519 δοκῶ

27 575 130 624 556
153 554 372 625 εἶναι·
423 557 484 624 εἰ
528 557 602 623 δέ
644 583 761 641 μοι
797 553 1127 642 ὖπόσχοιο
1171 557 1290 645 τὴν
1322 558 1555 644 ἑτέραν
1601 578 1720 623 σου
1766 562 2108 642 θυγατέρα
2140 562 2321 637 Βαρ-

146 665 370 740 κέτιν,
431 653 585 726 οὗδὲ
640 657 724 726 τὰ
773 655 943 725 ἄλλα
1002 654 1254 748 ἀναξίῳ
1313 657 1499 744 ὑμῶν
1543 655 1720 740 ὄντι,
1780 652 1896 724 οὐκ
1955 657 2021 736 ἐς
2064 657 2322 742 μακράν

149 785 271 828 σοι
319 753 456 849 ἥξω
503 760 622 850 τὴν
665 762 960 851 κεφαλὴν
1006 756 1212 829 αὐτοῦ
1254 762 1563 846 κομίζων.
1632 758 2144 844 Ὑπισχνοῦμαι,
2193 759 2320 845 ἐ’φη

148 861 190 941 0‘
239 863 590 948 βασιλεύς,
638 864 820 948 μάλα
867 863 1184 951 περιδεὴς
1226 865 1612 951 γενόμενος·
1673 863 1838 950 ἔγνω
1882 861 2005 945 γὰρ
2054 861 2172 947 τὴν
2219 861 2322 926 αἷ-

146 972 313 1033 τίαν
379 969 499 1055 τῆς
556 960 752 1052 ὀργῆς
816 970 936 1052 τῆς
984 961 1376 1053 Ἀρσακόμα
1444 964 1562 1052 τὴν
1621 965 1738 1034 ἐπὶ
1803 969 1901 1052 τῴ
1955 966 2147 1052 γάμῳ
2212 967 2320 1029 καὶ

151 1064 386 1146 ἄλλως
415 1064 841 1188 ὑπέπτησσεν
875 1063 981 1136 ἀεὶ
1010 1067 1166 1147 τοὺς
1196 1069 1483 1146 Σκύθας.
1546 1065 1580 1135 5
1616 1069 1688 1135 δὲ
1719 1067 2096 1155 Λογχάτης,
2118 1061 2321 1151 Ὅμο-

153 1193 315 1251 σον,
371 1167 587 1251 εἶπεν,
646 1199 684 1256 η
732 1171 864 1258 μὴν
909 1170 1228 1258 φυλάξειν
1281 1170 1404 1250 τὰς
1450 1166 1817 1260 συνθήκας,
1875 1171 2042 1258 μηδὲ
2100 1164 2323 1252 ἀπαρ-

153 1273 514 1361 νήσεσθαι.
603 1273 758 1340 τότε
815 1271 939 1362 ἤδη
984 1273 1240 1340 τούτων
1284 1280 1647 1360 γινομένων
1702 1277 1813 1340 καὶ
1862 1273 2011 1339 ἐπεὶ
2058 1266 2324 1338 ἀνατεί-

153 1401 281 1454 νας
326 1375 393 1454 ἐς
437 1374 554 1442 τὸν
599 1371 883 1461 οὐρανὸν
937 1371 1184 1462 ἤθελεν
1229 1371 1527 1460 ὀμνύειν,
1588 1375 1708 1462 Μὴ
1759 1376 1838 1441 σύ
1883 1400 1957 1461 γε
2002 1373 2320 1451 ἐνταῦθα,

155 1475 347 1558 εἶπε,
408 1475 497 1566 μὴ
542 1485 656 1546 καί
709 1504 814 1556 τις
857 1474 1183 1567 ὑπίδηται
1229 1483 1359 1544 τῶν
1406 1474 1717 1564 ὁρώντων
1762 1471 1872 1564 ἐφ’
1927 1469 2061 1562 ὅτῳ
2108 1471 2317 1559 ὁρκω-

150 1582 522 1662 μοτοῦμεν,
584 1573 735 1644 ἀλλ’
804 1579 871 1658 ἐς
915 1579 987 1646 τὸ
1041 1578 1220 1667 ἱερὸν
1279 1583 1398 1646 τοῦ
1429 1575 1670 1666 ’Ἀρεος
1724 1580 1913 1645 τουτὶ
1973 1569 2323 1643 εἰσελθόν-

151 1706 303 1766 τες,
364 1680 905 1765 ἐπικλεισάμενοι
961 1680 1084 1759 τας
1128 1682 1348 1766 θύρας
1406 1681 1783 1766 ὀμνύωμεν,
1844 1678 2191 1746 ἀκουσάτω
2250 1678 2322 1744 δὲ

150 1784 426 1873 μηδείς·
477 1784 536 1850 εἰ
581 1785 704 1871 γάρ
751 1812 818 1852 τι
865 1785 1118 1851 τούτων
1164 1785 1465 1851 πύθοιτο
1507 1783 1947 1870 Ἀρσακόμας,
1996 1782 2185 1848 δέδια
2229 1780 2317 1867 μὴ

153 1886 599 1974 προθύσηταί
650 1912 736 1970 με
779 1891 900 1954 τοῦ
945 1889 1242 1970 πολέμου
1295 1901 1486 1972 χεῖρα
1544 1885 1620 1953 οὗ
1666 1884 1908 1970 μικρὰν
1959 1882 2082 1972 ἤδη
2129 1909 2322 1968 περι-

149 1990 580 2077 βεβλημένος.
671 1988 1039 2073 Εἰσίωμεν,
1099 1990 1225 2078 ἔφη
1286 1986 1320 2056 5
1373 1989 1719 2074 βασιλεύς,
1777 1985 1965 2073 ὑμεῖς
2023 1987 2096 2054 δὲ
2144 1980 2319 2053 ἀπό-

154 2114 359 2179 στητε
416 2084 522 2158 ὅτι
567 2091 1016 2177 πορρωτάτω·
1078 2092 1311 2180 μηδεὶς
1367 2091 1441 2157 δὲ
1485 2096 1801 2175 παρέστω
1862 2090 1930 2170 ἐς
1973 2089 2091 2158 τὸν
2138 2088 2322 2168 νεών,

158 2187 394 2260 ὅντινα
438 2191 523 2278 μὴ
574 2191 700 2280 ἐγώ
745 2195 1026 2259 καλέσω.
1105 2191 1255 2260 ἐπεὶ
1301 2193 1374 2260 δὲ
1422 2195 1487 2259 οἱ
1531 2193 1652 2276 μὲν
1698 2191 2051 2280 εἰσῆλθον,
2098 2191 2163 2257 οἱ
2209 2190 2322 2256 δο-

160 2293 451 2382 ρυφόροι
509 2293 579 2360 δὲ
634 2295 1056 2382 α’πέστησαν,
1127 2297 1561 2378 σπασάμενος
1624 2292 1741 2360 τὸν
1800 2288 2113 2380 ἀκινάκην
2168 2290 2319 2358 ἐπι-

163 2395 340 2480 σχών
383 2400 465 2484 τῇ
510 2396 702 2485 ἑτέρᾳ
744 2395 820 2462 τὸ
857 2395 1092 2480 στόμα,
1141 2392 1232 2474 ὥς
1276 2395 1364 2484 μὴ
1398 2383 1684 2483 βοήσειε,
1732 2402 1928 2462 παίει
1974 2393 2159 2476 παρὰ
2205 2393 2323 2460 τὸν

160 2497 454 2582 μαστόν,
517 2495 664 2565 εἶτα
731 2492 1092 2581 ἀποτεμὼν
1156 2497 1276 2586 τὴν
1334 2496 1631 2585 κεφαλὴν
1696 2494 1830 2564 ὑπὸ
1900 2501 1981 2583 τῇ
2035 2495 2322 2578 χλαμύδι

163 2599 332 2683 ἔχων
391 2599 595 2687 ἐξῄει,
662 2599 907 2683 μεταξὺ
977 2599 1443 2686 διαλεγόμενος
1510 2599 1719 2684 δῆθεν
1788 2593 1969 2684 αὐτῷ
2031 2601 2143 2663 καὶ
2209 2595 2320 2662 διὰ

163 2705 417 2783 ταχέων
461 2699 640 2790 ἥξειν
687 2704 911 2787 λέγων,
958 2697 1052 2780 ὥς
1097 2701 1177 2789 δὴ
1225 2701 1342 2767 ἐπί
1386 2727 1451 2767 τι
1484 2703 1835 2788 πεμφθεὶς
1878 2693 1999 2767 ὑπ’
2049 2698 2317 2766 ἐκείνου.

83 2835 88 2840 ·
163 2806 276 2869 καὶ
321 2796 534 2881 οὕτως
579 2802 693 2869 ἐπὶ
749 2801 866 2869 τὸν
909 2802 1125 2870 τόπον
1171 2797 1607 2891 ἀφικόμενος,
1668 2800 1841 2868 ἔνθα
1883 2801 2319 2884 καταδεδεμέ-

165 2931 280 2972 νον
323 2906 797 2972 καταλελοίπει
839 2904 956 2972 τὸν
999 2905 1238 2983 ἵππον,
1289 2899 1543 2990 ἀναβὰς
1590 2899 2047 2994 ἀφιππάσατο
2095 2903 2162 2983 ἐς
2205 2902 2322 2989 τὴν

163 3011 485 3074 Σκυθίαν.
562 3007 791 3084 δίωξις
836 3007 908 3073 δὲ
953 3001 1070 3072 οὗκ
1114 3007 1367 3093 ἐγένετο
1417 3001 1653 3088 αὐτοῦ,
1702 3006 1819 3074 ἐπὶ
1862 3007 2037 3073 πολὺ
2084 3000 2322 3094 ἀγνοη-

165 3133 426 3175 σαντων
481 3107 558 3176 τὸ
618 3108 884 3194 γεγονὸς
940 3111 1073 3176 τῶν
1118 3112 1611 3193 Βοσπορανῶν,
1667 3112 1777 3175 καὶ
1837 3103 1951 3176 ὅτε
2009 3109 2319 3194 ἔγνωσαν,

165 3208 338 3295 ὑπὲρ
382 3214 500 3298 τῆς
526 3212 877 3294 βασιλείας
920 3210 1435 3291 στασιαζόντων.
1512 3219 1612 3278 51.
1658 3215 1868 3277 ταῦτα
1897 3212 2017 3295 μὲν
2064 3211 2097 3277 ὁ
2131 3220 2320 3298 Λογ-
2349 3225 2419 3280 51

65 3313 368 3400 ὀὸτχάτης
414 3311 661 3397 ἔπραξε
718 3315 827 3379 καὶ
873 3311 992 3400 τὴν
1036 3311 1399 3396 ὑπόσχεσιν
1446 3307 1900 3400 ἀπεπλήρωσε
1945 3317 2041 3398 τῷ
2074 3308 2320 3396 Ἀρσα-

163 3415 339 3502 κόμᾳ
385 3413 734 3500 παραδοὺς
777 3412 898 3500 τὴν
941 3412 1236 3504 κεφαλὴν
1280 3419 1400 3481 τοῦ
1442 3414 1898 3499 Λευκάνορος.
1976 3410 2009 3480 5
2054 3419 2317 3480 Μακέν-

163 3540 282 3604 της
327 3516 400 3582 δὲ
436 3509 601 3582 καθ’
656 3512 815 3582 ὁδὸν
862 3509 1149 3594 ἀκούσας
1191 3514 1275 3581 τὰ
1323 3515 1391 3582 ἓν
1420 3515 1761 3601 Βοσπόρῳ
1805 3514 2124 3601 γενόμενα
2167 3510 2319 3604 ἧκεν

166 3617 232 3696 ἐς
274 3616 434 3694 τοὺς
476 3611 806 3700 Μάχλυας
850 3619 958 3683 καὶ
1006 3621 1274 3702 πρῶτος
1321 3611 1629 3704 ἀγγείλας
1676 3610 1902 3694 αὐτοῖς
1946 3616 2062 3682 τὸν
2109 3617 2319 3704 φόνον

163 3722 284 3786 τοῦ
327 3721 690 3803 βασιλέως,
741 3715 829 3786 ‘H
867 3718 1084 3800 πόλις,
1138 3719 1299 3807 ἔφη,
1347 3706 1399 3785 ὦ
1438 3713 1847 3805 Ἀδύρμαχε,
1904 3719 1979 3785 σὲ
2023 3718 2320 3804 γαμβρὸν

165 3817 330 3888 ὄντα
389 3820 504 3887 ἐπὶ
562 3819 680 3906 τὴν
723 3823 1078 3906 βασιλείαν
1120 3823 1335 3888 καλεῖ·
1403 3813 1577 3888 ὥστε
1637 3819 1718 3887 σὺ
1761 3821 1881 3904 μὲν
1938 3821 2321 3905 προελάσας

164 3922 658 4009 παραλάμβανε
713 3921 832 4009 τὴν
880 3916 1112 4009 ἀρχήν,
1172 3928 1685 4010 τεταραγμένοις
1740 3935 1883 4002 τοῖς
1935 3923 2321 4009 πράγμασιν

167 4025 556 4113 ἐπιφανείς·
603 4020 639 4110 ἡ
690 4026 850 4112 κόρη
899 4025 972 4090 δέ
1018 4048 1126 4091 σοι
1169 4026 1457 4094 κατόπιν
1505 4024 1618 4092 ἐπὶ
1664 4028 1797 4091 τῶν
1845 4021 2117 4109 ἀμαξιῦν
2163 4025 2319 4091 ἑπέ-
