2750 4534
445 259 524 318 46
1342 262 1714 316 ΔΟΥΚΙΑΝΟΥ

332 442 406 500 16
627 438 720 499 16.
765 437 988 500 AYK.
1053 423 1242 497 Ἀλλ’
1295 430 1502 498 ἐκεῖνο
1549 423 1845 516 ἀνιαρόν,
1892 415 1947 496 ῶ
1990 430 2443 515 Πολύστρατε,
2490 425 2611 499 ὅτι

446 533 536 622 μὴ
584 532 833 623 ἐκείνης
856 533 1218 655 παρούσης
1261 529 1667 654 ποιήσομαι
1682 531 1837 611 τοὺς
1881 531 2151 618 λόγους·
2193 537 2423 620 μακρῷ
2466 533 2607 622 γὰρ

447 626 527 701 ἀν
572 629 782 715 ου’τως
827 633 1098 722 άμεινον
1153 623 1253 724 ἦν.
1343 639 1455 703 νῦν
1513 635 1587 702 δὲ
1631 629 1875 724 ἀνάγκη
1924 629 2056 701 ἀπ’
2106 633 2373 722 ἐντολῆς
2418 629 2605 702 ἀπο-

446 738 888 829 λογήσασθαι.
979 732 1128 806 ἀλλ’
1193 739 1260 805 εἴ
1312 763 1432 822 μοι
1486 740 1793 816 τοιοῦτος
1838 733 2323 826 ἀγγελιαφόρος
2372 743 2603 823 γένοιο

443 839 616 962 πρὸς
675 834 880 929 αὐτὴν
925 839 1067 919 οἶος
1110 834 1282 925 παρ’
1335 838 1584 927 ἐκείνης
1626 838 1801 924 πρὸς
1844 839 1959 923 ἐμὲ
2000 844 2380 929 γεγένησαι,
2436 843 2605 906 τολ-

439 941 633 1031 μήσω
680 941 1054 1029 ἀναρρῖψαι
1097 940 1214 1010 τὸν
1256 941 1475 1025 κύβον.

609 1048 843 1112 ΠΟΛ.
937 1044 1219 1131 Θάρρει,
1277 1030 1330 1110 ῶ
1375 1053 1661 1122 Λυκῖνε,
1712 1043 1953 1109 τούτου
1995 1068 2070 1129 γε
2112 1042 2329 1125 ἕνεκα,
2376 1039 2469 1121 ῶς
2516 1042 2599 1110 οὗ

439 1145 700 1234 φαῦλόν
752 1170 838 1231 με
892 1143 1350 1234 ῦποκριτὴνε
1319 1144 1483 1224 ἕξων
1540 1147 1659 1235 τῆς
1714 1138 2117 1232 ἀπολογίας,
2174 1169 2600 1232 πειρωμενον

439 1244 552 1313 διὰ
594 1253 893 1333 βραχέων
939 1247 1174 1329 εἰπεῖν,
1221 1245 1313 1326 ῶς
1357 1276 1439 1315 αν
1481 1249 1736 1331 μᾶλλον
1779 1248 2331 1337 μνημονεύσαιμι.

603 1357 826 1418 AYK.
915 1354 1050 1418 Καὶ
1080 1349 1210 1440 μὴν
1255 1351 1435 1418 πάνυ
1479 1351 1599 1434 μὲν
1644 1350 1782 1418 ἔδει
1822 1376 1943 1435 μοι
1983 1354 2252 1439 μακρῶν
2294 1353 2429 1417 τῶν
2474 1352 2597 1418 λό-

432 1476 567 1534 γων
625 1451 800 1538 πρὸς
857 1445 1030 1518 οὕτω
1092 1451 1399 1540 σφοδρὰν
1448 1451 1569 1538 τὴν
1612 1459 2029 1540 κατηγορίαν.
2118 1445 2300 1537 ὅμως
2346 1453 2418 1520 δὲ
2463 1459 2595 1521 σοῦ

435 1549 619 1620 ἕνεκα
651 1552 1096 1638 ἐπιτεμοῦμαι
1133 1552 1252 1644 τὴν
1298 1547 1691 1640 ἀπολογίαν.
1779 1557 1893 1621 καὶ
1936 1548 2106 1640 παρ’
2160 1552 2321 1638 ἐμοῦ
2362 1561 2593 1623 τοίνυν

429 1654 592 1722 τάδε
637 1650 804 1744 αὗτῇ
849 1650 1245 1743 ἀπάγγελλε.
2747 1645 2750 1749 ff

602 1761 838 1825 HOA.
925 1760 1312 1846 Μηδαμῶς,
1389 1745 1441 1825 ῶ
1509 1768 1793 1841 Λυκῖνε,
1863 1753 2014 1825 ἀλλ’
2086 1747 2317 1846 ὥσπερ
2382 1753 2591 1850 αὗτῆς

432 1859 679 1947 ἐκείνης
723 1859 1070 1948 παρούσης
1114 1862 1258 1946 λέγε
1299 1859 1418 1928 τὸν
1464 1862 1675 1947 λόγον,
1730 1855 1859 1928 εἶτ’
1910 1859 2037 1947 ἐγώ
2080 1862 2463 1948 μιμήσομαί
2512 1887 2589 1930 σε

431 1960 603 2048 πρὸς
649 1956 872 2056 αὐτήν.

597 2071 819 2133 ΛΥΚ.
917 2059 1170 2134 Ουκοῦν
1216 2066 1584 2156 ἐπειδήπερ
1631 2060 1805 2133 ου’τω
1852 2089 1962 2134 σοι
2006 2067 2203 2148 δοκεῖ,
2257 2052 2311 2132 ῶ
2357 2067 2585 2134 Πολύ-

430 2189 690 2251 στρατε,
737 2162 775 2254 ἦ
807 2167 927 2252 μὲν
960 2168 1252 2250 πάρεστι
1279 2172 1391 2236 καὶ
1424 2176 1779 2256 προείρηκε
1810 2166 2058 2258 δηλαδὴ
2094 2168 2309 2236 ἐκεῖνα
2352 2167 2585 2236 ὁπόσα

429 2263 508 2329 σὺ
555 2263 725 2348 παρ’
791 2259 990 2354 αὐτῆς
1042 2260 1480 2354 ἀπήγγειλας,
1536 2263 1713 2356 ἡμᾶς
1770 2267 1843 2334 δὲ
1894 2293 2015 2354 χρη
2060 2271 2196 2334 τῶν
2253 2267 2583 2353 δευτέρων

428 2365 640 2453 λόγων
684 2362 1108 2454 ἐνάρχεσθαι.
1180 2375 1405 2436 καίτοι
1432 2407 1517 2416 —
1548 2364 1624 2435 οὗ
1668 2369 1795 2456 γὰρ
1840 2363 2097 2458 ὀκνήσω
2142 2369 2317 2457 πρὸς
2361 2371 2437 2434 σὲ
2482 2369 2582 2436 εί-

426 2482 579 2537 πεῖν
625 2468 661 2536 ὃ
709 2475 1034 2537 πέπονθα
1077 2509 1162 2518 -
1208 2465 1323 2538 οῦκ
1382 2464 1515 2537 οἶδ’
1580 2464 1771 2549 ὅπως
1827 2470 2290 2559 φοβερώτερόν
2332 2497 2454 2556 μοι
2498 2471 2577 2540 τὸ

425 2576 702 2659 πρᾶγμα
738 2581 1134 2662 πεποίηκας,
1181 2576 1289 2640 καὶ
1321 2569 1415 2652 ὥς
1449 2569 1611 2662 ὁρᾷς
1657 2574 1823 2659 ἱδρῶ
1866 2599 1939 2640 τε
1982 2570 2106 2664 ἤδη
2150 2577 2261 2640 καὶ
2308 2574 2579 2641 δέδοικα

423 2678 536 2742 καὶ
566 2679 911 2760 μονονουχὶ
945 2679 1058 2743 καὶ
1088 2671 1253 2762 ὁρᾶν
1286 2673 1486 2765 αὐτὴν
1528 2676 1763 2760 οἴομαι
1805 2678 1915 2742 καὶ
1959 2675 2032 2743 τὸ
2082 2680 2359 2765 πρᾶγμα
2403 2679 2579 2742 πολ-

426 2777 543 2866 λήν
586 2802 707 2862 μοι
748 2777 868 2866 τὴν
911 2778 1200 2866 ταραχὴν
1246 2777 1717 2866 ἐμπεποίηκεν.
1786 2777 2072 2864 ἄρξομαι
2117 2773 2180 2845 δ’
2232 2772 2449 2862 ὅμως·
2496 2772 2575 2845 οὗ

421 2878 545 2966 γὰρ
593 2879 737 2947 οἷόν
780 2906 853 2947 τε
899 2874 1219 2947 ἀναδῦναι
1263 2877 1388 2968 ἤδη
1434 2881 1798 2968 παρούσης.

593 2985 829 3050 ΠΟΛ.
906 2985 1041 3049 Καὶ
1077 2981 1154 3070 νὴ
1185 2989 1326 3050 Δία
1371 2984 1627 3072 πολλὴν
1670 2982 1787 3072 τὴν
1835 2976 2176 3066 εὐμένειαν
2221 2981 2579 3072 ἐπιφαίνει

419 3089 515 3172 τῷ
547 3085 928 3173 προσώπω·
976 3085 1234 3174 φαιδρὰ
1279 3085 1407 3172 γὰρ
1452 3082 1548 3162 (ὗς
1591 3081 1753 3174 ὁρᾷς
1795 3090 1908 3152 καὶ
1953 3088 2313 3175 προσηνής.
2402 3080 2578 3156 ὥστε

419 3193 696 3275 θαρρῶν
741 3192 885 3275 λέγε
927 3187 1046 3254 τὸν
1093 3189 1306 3276 λόγον.

317 3307 382 3362 17
599 3298 693 3358 17.
740 3297 961 3358 AYK.
1028 3285 1186 3378 Ἐγώ
1234 3315 1340 3373 σε,
1388 3276 1443 3356 ῶ
1487 3294 1809 3378 γυναικῶν
1856 3283 2112 3378 ἀρίστη,
2160 3290 2433 3379 μεγάλα,
2480 3292 2682 3373 ῶς495
2748 3359 2750 3362 Α

420 3395 570 3483 φής,
616 3397 726 3461 καὶ
772 3398 948 3480 πέρα
987 3397 1107 3460 τοῦ
1151 3399 1397 3480 μέτρου
1444 3391 1806 3472 ἐπαινέσας
1851 3385 1966 3476 ούχ
2011 3390 2145 3479 ὁρῶ
2190 3386 2229 3460 ὅ
2271 3420 2338 3461 τι
2382 3397 2573 3483 τηλι-

415 3501 650 3564 κοῦτον
712 3495 1032 3580 ἐπῄνεσα,
1100 3493 1327 3581 ἡλίκον
1386 3491 1547 3585 αυτὴ
1609 3496 1687 3562 σύ
1744 3499 1941 3563 τοῦτο
2010 3496 2328 3581 ἐγκώμιον
2398 3493 2571 3584 ὖπὲρ

419 3602 696 3685 σεαυτῆς
756 3596 1134 3686 ἐξενήνοχας
1176 3600 1294 3684 τὴν
1339 3598 1514 3682 πρὸς
1557 3596 1633 3664 τὸ
1692 3601 1887 3664 θεῖον
1930 3597 2127 3685 τιμὴν
2174 3597 2241 3664 ἐν
2296 3599 2570 3725 μεγάλω

416 3704 770 3787 τιθεμένη·
831 3699 1061 3783 σχεδὸν
1114 3700 1239 3787 γὰρ
1301 3697 1621 3768 ἁπάντων
1676 3703 1876 3767 τοῦτο
1927 3699 2152 3783 μεῖζον
2199 3693 2289 3766 ὧν
2334 3700 2568 3802 είρηκα

417 3806 574 3888 περὶ
628 3805 778 3882 σοῦ,
836 3806 945 3869 καὶ
995 3803 1383 3926 συγγνώμη,
1444 3829 1502 3870 ει
1559 3801 1648 3890 μὴ
1707 3805 1819 3868 καὶ
1870 3802 2115 3891 ταύτην
2162 3826 2270 3869 σοι
2316 3809 2571 3888 προσέ-

413 3917 646 3991 γραψα
701 3905 820 3992 τὴν
874 3905 1096 3973 εἰκόνα
1142 3899 1264 3971 ὗ’π
1318 3900 1589 3991 ἀγνοίας
1631 3930 1715 3990 με
1760 3899 2394 3972 διαλαθοῦσαν·οὗ
2439 3904 2569 3990 γὰρ

418 4034 496 4072 αν
532 4002 733 4096 άλλην
766 4007 896 4092 πρὸ
935 4007 1135 4095 αὐτης
1181 4007 1597 4095 ἐγραψάμην.
1646 3999 1817 4074 ω’στε
1853 4007 2056 4094 ταύτῃ
2101 4032 2174 4092 γε
2218 4000 2331 4089 οὗχ
2376 3999 2570 4085 ὁπως
