<?xml version="1.0" encoding="UTF-8"?>
<!DOCTYPE html PUBLIC "-//W3C//DTD XHTML 1.0 Transitional//EN"
    "http://www.w3.org/TR/xhtml1/DTD/xhtml1-transitional.dtd">
<html xmlns="http://www.w3.org/1999/xhtml" xml:lang="en" lang="en">
 <head>
  <title>
</title>
<meta http-equiv="Content-Type" content="text/html;charset=utf-8" />
  <meta name='ocr-system' content='tesseract 3.04.00' />
  <meta name='ocr-capabilities' content='ocr_page ocr_carea ocr_par ocr_line ocrx_word'/>
</head>
<body>
  <div class='ocr_page' id='page_1' title='image "./lucianus01sommgoog_0098.png"; bbox 0 0 2750 4534; ppageno 0'>
   <div class='ocr_carea' id='block_1_1' title="bbox 441 254 1723 314">
    <p class='ocr_par' dir='ltr' id='par_1_1' title="bbox 441 254 1723 314">
     <span class='ocr_line' id='line_1_1' title="bbox 441 254 1723 314; baseline -0.005 0"><span class='ocrx_word' id='word_1_1' title='bbox 441 257 525 314; x_wconf 84' lang='lat'><strong><em>82</em></strong></span> <span class='ocrx_word' id='word_1_2' title='bbox 1347 254 1723 309; x_wconf 74' lang='grc' dir='ltr'><strong>ΔΟΥΚΙΑΝΟΥ</strong></span> 
     </span>
    </p>
   </div>
   <div class='ocr_carea' id='block_1_2' title="bbox 335 421 2746 4069">
    <p class='ocr_par' dir='ltr' id='par_1_2' title="bbox 432 421 2704 2627">
     <span class='ocr_line' id='line_1_2' title="bbox 443 421 2613 544; baseline 0 -53"><span class='ocrx_word' id='word_1_3' title='bbox 443 430 798 544; x_wconf 87' lang='grc' dir='ltr'><strong><em>Μακέντης</em></strong></span> <span class='ocrx_word' id='word_1_4' title='bbox 856 424 928 491; x_wconf 86' lang='grc' dir='ltr'><strong><em>δὲ</em></strong></span> <span class='ocrx_word' id='word_1_5' title='bbox 973 425 1237 491; x_wconf 77' lang='grc' dir='ltr'><em>πελέκει</em></span> <span class='ocrx_word' id='word_1_6' title='bbox 1297 423 1364 501; x_wconf 80' lang='grc' dir='ltr'><strong><em>ἐς</em></strong></span> <span class='ocrx_word' id='word_1_7' title='bbox 1420 421 1540 513; x_wconf 86' lang='grc' dir='ltr'><strong><em>τὴν</em></strong></span> <span class='ocrx_word' id='word_1_8' title='bbox 1598 423 1895 511; x_wconf 83' lang='grc' dir='ltr'><strong><em>κεφαλὴν</em></strong></span> <span class='ocrx_word' id='word_1_9' title='bbox 1938 428 2047 492; x_wconf 80' lang='grc' dir='ltr'><strong><em>καὶ</em></strong></span> <span class='ocrx_word' id='word_1_10' title='bbox 2106 450 2317 511; x_wconf 81' lang='grc' dir='ltr'><strong><em>κοντῳ</em></strong></span> <span class='ocrx_word' id='word_1_11' title='bbox 2366 424 2433 503; x_wconf 85' lang='grc' dir='ltr'><strong><em>ἐς</em></strong></span> <span class='ocrx_word' id='word_1_12' title='bbox 2490 425 2613 491; x_wconf 84' lang='grc' dir='ltr'><strong><em>τὸν</em></strong></span> 
     </span>
     <span class='ocr_line' id='line_1_3' title="bbox 443 518 2613 613; baseline -0.001 -20"><span class='ocrx_word' id='word_1_13' title='bbox 443 524 658 610; x_wconf 79' lang='grc' dir='ltr'><strong><em>ὠμον·</em></strong></span> <span class='ocrx_word' id='word_1_14' title='bbox 706 519 883 612; x_wconf 80' lang='grc' dir='ltr'><strong><em>ὅπερ</em></strong></span> <span class='ocrx_word' id='word_1_15' title='bbox 931 525 1344 608; x_wconf 84' lang='grc' dir='ltr'><strong><em>αἰσθόμενος</em></strong></span> <span class='ocrx_word' id='word_1_16' title='bbox 1390 521 1424 591; x_wconf 84' lang='lat'><strong><em>0‘</em></strong></span> <span class='ocrx_word' id='word_1_17' title='bbox 1464 518 1929 610; x_wconf 76' lang='grc' dir='ltr'><strong><em>Ἀρσακόμας,</em></strong></span> <span class='ocrx_word' id='word_1_18' title='bbox 1978 524 2045 593; x_wconf 84' lang='grc' dir='ltr'><strong><em>ἐν</em></strong></span> <span class='ocrx_word' id='word_1_19' title='bbox 2090 524 2247 613; x_wconf 79' lang='grc' dir='ltr'><strong><em>ἡμῖν</em></strong></span> <span class='ocrx_word' id='word_1_20' title='bbox 2295 540 2435 605; x_wconf 89' lang='grc' dir='ltr'><strong><em>τοῖς</em></strong></span> <span class='ocrx_word' id='word_1_21' title='bbox 2484 524 2613 592; x_wconf 69' lang='grc' dir='ltr'><strong><em>ἄλ-</em></strong></span> 
     </span>
     <span class='ocr_line' id='line_1_4' title="bbox 444 622 2613 716; baseline 0 -22"><span class='ocrx_word' id='word_1_22' title='bbox 444 631 585 707; x_wconf 88' lang='grc' dir='ltr'><strong><em>λοις</em></strong></span> <span class='ocrx_word' id='word_1_23' title='bbox 642 624 763 710; x_wconf 80' lang='grc' dir='ltr'><strong><em>ὤν,</em></strong></span> <span class='ocrx_word' id='word_1_24' title='bbox 822 627 1039 696; x_wconf 83' lang='grc' dir='ltr'><strong><em>δεινὸν</em></strong></span> <span class='ocrx_word' id='word_1_25' title='bbox 1096 624 1540 716; x_wconf 80' lang='grc' dir='ltr'><em>ἡγησάμενος,</em></span> <span class='ocrx_word' id='word_1_26' title='bbox 1603 626 1665 693; x_wconf 82' lang='grc' dir='ltr'><strong><em>εἰ</em></strong></span> <span class='ocrx_word' id='word_1_27' title='bbox 1710 622 1952 695; x_wconf 79' lang='grc' dir='ltr'><strong><em>ἄπεισι</em></strong></span> <span class='ocrx_word' id='word_1_28' title='bbox 2006 630 2399 696; x_wconf 78' lang='grc' dir='ltr'><strong><em>καταλιπών</em></strong></span> <span class='ocrx_word' id='word_1_29' title='bbox 2444 654 2613 707; x_wconf 85' lang='grc' dir='ltr'><strong><em>τους</em></strong></span> 
     </span>
     <span class='ocr_line' id='line_1_5' title="bbox 444 725 2615 818; baseline -0.001 -19"><span class='ocrx_word' id='word_1_30' title='bbox 444 733 713 818; x_wconf 82' lang='grc' dir='ltr'><strong><em>φίλους,</em></strong></span> <span class='ocrx_word' id='word_1_31' title='bbox 789 725 1194 816; x_wconf 77' lang='grc' dir='ltr'><strong><em>προσβαλών</em></strong></span> <span class='ocrx_word' id='word_1_32' title='bbox 1259 727 1417 807; x_wconf 80' lang='grc' dir='ltr'><strong><em>τούς</em></strong></span> <span class='ocrx_word' id='word_1_33' title='bbox 1479 729 1769 813; x_wconf 81' lang='grc' dir='ltr'><em>μύωπας</em></span> <span class='ocrx_word' id='word_1_34' title='bbox 1834 733 1931 816; x_wconf 75' lang='grc' dir='ltr'><strong><em>τῷ</em></strong></span> <span class='ocrx_word' id='word_1_35' title='bbox 1996 730 2195 816; x_wconf 77' lang='grc' dir='ltr'><strong><em>ἵππῳ</em></strong></span> <span class='ocrx_word' id='word_1_36' title='bbox 2265 730 2615 818; x_wconf 78' lang='grc' dir='ltr'>ἐμβοήσας</span> 
     </span>
     <span class='ocr_line' id='line_1_6' title="bbox 441 825 2615 920; baseline 0 -23"><span class='ocrx_word' id='word_1_37' title='bbox 441 829 683 920; x_wconf 80' lang='grc' dir='ltr'><strong><em>ἤλαυνε</em></strong></span> <span class='ocrx_word' id='word_1_38' title='bbox 741 830 854 899; x_wconf 83' lang='grc' dir='ltr'><strong><em>διὰ</em></strong></span> <span class='ocrx_word' id='word_1_39' title='bbox 913 838 1045 897; x_wconf 81' lang='grc' dir='ltr'><strong><em>τῶν</em></strong></span> <span class='ocrx_word' id='word_1_40' title='bbox 1092 832 1437 912; x_wconf 86' lang='grc' dir='ltr'><strong><em>πολεμίων</em></strong></span> <span class='ocrx_word' id='word_1_41' title='bbox 1493 830 1745 896; x_wconf 77' lang='grc' dir='ltr'><strong><em>κοπίδα</em></strong></span> <span class='ocrx_word' id='word_1_42' title='bbox 1792 831 2172 919; x_wconf 82' lang='grc' dir='ltr'><strong><em>διηρμένος,</em></strong></span> <span class='ocrx_word' id='word_1_43' title='bbox 2227 825 2400 898; x_wconf 75' lang='grc' dir='ltr'><strong><em>ὥστε</em></strong></span> <span class='ocrx_word' id='word_1_44' title='bbox 2446 832 2615 910; x_wconf 79' lang='grc' dir='ltr'><strong><em>τοὺς</em></strong></span> 
     </span>
     <span class='ocr_line' id='line_1_7' title="bbox 443 927 2615 1019; baseline 0 -20"><span class='ocrx_word' id='word_1_45' title='bbox 443 934 772 1016; x_wconf 82' lang='grc' dir='ltr'><strong><em>Μάχλυας</em></strong></span> <span class='ocrx_word' id='word_1_46' title='bbox 829 932 998 1019; x_wconf 86' lang='grc' dir='ltr'><strong><em>μηδὲ</em></strong></span> <span class='ocrx_word' id='word_1_47' title='bbox 1052 928 1431 1019; x_wconf 77' lang='grc' dir='ltr'><strong><em>ὑποστῆναι</em></strong></span> <span class='ocrx_word' id='word_1_48' title='bbox 1487 931 1563 998; x_wconf 86' lang='grc' dir='ltr'><strong><em>τὸ</em></strong></span> <span class='ocrx_word' id='word_1_49' title='bbox 1626 932 1867 1017; x_wconf 83' lang='grc' dir='ltr'><strong><em>ῥόθιον</em></strong></span> <span class='ocrx_word' id='word_1_50' title='bbox 1926 938 2043 999; x_wconf 85' lang='grc' dir='ltr'><strong><em>τοῦ</em></strong></span> <span class='ocrx_word' id='word_1_51' title='bbox 2102 938 2359 1019; x_wconf 81' lang='grc' dir='ltr'><strong><em>θυμοῦ,</em></strong></span> <span class='ocrx_word' id='word_1_52' title='bbox 2426 927 2615 999; x_wconf 71' lang='grc' dir='ltr'><strong><em>ἀλλὰ</em></strong></span> 
     </span>
     <span class='ocr_line' id='line_1_8' title="bbox 443 1027 2614 1123; baseline 0 -22"><span class='ocrx_word' id='word_1_53' title='bbox 443 1037 900 1121; x_wconf 76' lang='grc' dir='ltr'><strong><em>διαιρεθέντες</em></strong></span> <span class='ocrx_word' id='word_1_54' title='bbox 946 1034 1197 1100; x_wconf 73' lang='grc' dir='ltr'><strong><em>ἔδωκαν</em></strong></span> <span class='ocrx_word' id='word_1_55' title='bbox 1244 1027 1427 1119; x_wconf 76' lang='grc' dir='ltr'><strong><em>αύτῷ</em></strong></span> <span class='ocrx_word' id='word_1_56' title='bbox 1473 1033 1863 1111; x_wconf 71' lang='grc' dir='ltr'><strong><em>διεξελθεῖν.</em></strong></span> <span class='ocrx_word' id='word_1_57' title='bbox 1939 1032 1973 1101; x_wconf 86' lang='grc' dir='ltr'><em>ὃ</em></span> <span class='ocrx_word' id='word_1_58' title='bbox 2023 1034 2095 1101; x_wconf 81' lang='grc' dir='ltr'><strong><em>δὲ</em></strong></span> <span class='ocrx_word' id='word_1_59' title='bbox 2141 1030 2614 1123; x_wconf 77' lang='grc' dir='ltr'><strong><em>ἀνακτησάμε-</em></strong></span> 
     </span>
     <span class='ocr_line' id='line_1_9' title="bbox 444 1128 2617 1221; baseline 0 -19"><span class='ocrx_word' id='word_1_60' title='bbox 444 1161 556 1213; x_wconf 89' lang='grc' dir='ltr'><strong><em>νος</em></strong></span> <span class='ocrx_word' id='word_1_61' title='bbox 598 1134 754 1213; x_wconf 77' lang='grc' dir='ltr'><strong><em>τοὺς</em></strong></span> <span class='ocrx_word' id='word_1_62' title='bbox 811 1137 1050 1220; x_wconf 86' lang='grc' dir='ltr'><strong><em>φίλους</em></strong></span> <span class='ocrx_word' id='word_1_63' title='bbox 1103 1136 1210 1201; x_wconf 86' lang='grc' dir='ltr'><strong><em>καὶ</em></strong></span> <span class='ocrx_word' id='word_1_64' title='bbox 1255 1133 1412 1212; x_wconf 79' lang='grc' dir='ltr'><strong><em>τοὺς</em></strong></span> <span class='ocrx_word' id='word_1_65' title='bbox 1473 1132 1716 1213; x_wconf 74' lang='grc' dir='ltr'><strong><em>ἄλλους</em></strong></span> <span class='ocrx_word' id='word_1_66' title='bbox 1761 1128 2068 1213; x_wconf 74' lang='grc' dir='ltr'><strong><em>ἅπαντας</em></strong></span> <span class='ocrx_word' id='word_1_67' title='bbox 2127 1138 2617 1221; x_wconf 76' lang='grc' dir='ltr'><strong><em>παρακαλέσας</em></strong></span> 
     </span>
     <span class='ocr_line' id='line_1_10' title="bbox 443 1231 2613 1327; baseline 0.001 -24"><span class='ocrx_word' id='word_1_68' title='bbox 443 1231 746 1326; x_wconf 75' lang='grc' dir='ltr'><strong><em>ὥρμησεν</em></strong></span> <span class='ocrx_word' id='word_1_69' title='bbox 793 1237 909 1305; x_wconf 85' lang='grc' dir='ltr'><strong><em>ἐπὶ</em></strong></span> <span class='ocrx_word' id='word_1_70' title='bbox 937 1235 1056 1305; x_wconf 85' lang='grc' dir='ltr'><strong><em>τὸν</em></strong></span> <span class='ocrx_word' id='word_1_71' title='bbox 1079 1231 1500 1322; x_wconf 75' lang='grc' dir='ltr'><strong><em>Ἀδύρμαχον</em></strong></span> <span class='ocrx_word' id='word_1_72' title='bbox 1543 1240 1651 1305; x_wconf 82' lang='grc' dir='ltr'><strong><em>καὶ</em></strong></span> <span class='ocrx_word' id='word_1_73' title='bbox 1682 1237 1975 1316; x_wconf 84' lang='grc' dir='ltr'><strong><em>κατάξας</em></strong></span> <span class='ocrx_word' id='word_1_74' title='bbox 2017 1242 2102 1327; x_wconf 87' lang='grc' dir='ltr'><strong><em>τῇ</em></strong></span> <span class='ocrx_word' id='word_1_75' title='bbox 2132 1239 2363 1306; x_wconf 83' lang='grc' dir='ltr'><strong><em>κοπίδι</em></strong></span> <span class='ocrx_word' id='word_1_76' title='bbox 2408 1240 2613 1325; x_wconf 81' lang='grc' dir='ltr'><strong><em>παρὰ</em></strong></span> 
     </span>
     <span class='ocr_line' id='line_1_11' title="bbox 442 1334 2615 1428; baseline 0.001 -22"><span class='ocrx_word' id='word_1_77' title='bbox 442 1340 558 1407; x_wconf 83' lang='grc' dir='ltr'><strong><em>τὸν</em></strong></span> <span class='ocrx_word' id='word_1_78' title='bbox 591 1334 830 1422; x_wconf 83' lang='grc' dir='ltr'><strong><em>αὗχένα</em></strong></span> <span class='ocrx_word' id='word_1_79' title='bbox 873 1345 1065 1425; x_wconf 84' lang='grc' dir='ltr'><strong><em>μέχρι</em></strong></span> <span class='ocrx_word' id='word_1_80' title='bbox 1110 1342 1226 1428; x_wconf 84' lang='grc' dir='ltr'><strong><em>τῆς</em></strong></span> <span class='ocrx_word' id='word_1_81' title='bbox 1261 1338 1467 1427; x_wconf 85' lang='grc' dir='ltr'><strong><em>ζώνης</em></strong></span> <span class='ocrx_word' id='word_1_82' title='bbox 1513 1340 1793 1423; x_wconf 89' lang='grc' dir='ltr'><strong><em>διέτεμε.</em></strong></span> <span class='ocrx_word' id='word_1_83' title='bbox 1868 1340 2198 1419; x_wconf 85' lang='grc' dir='ltr'><strong><em>πεσόντος</em></strong></span> <span class='ocrx_word' id='word_1_84' title='bbox 2242 1342 2313 1407; x_wconf 81' lang='grc' dir='ltr'><strong><em>δὲ</em></strong></span> <span class='ocrx_word' id='word_1_85' title='bbox 2346 1341 2615 1409; x_wconf 83' lang='grc' dir='ltr'><strong><em>ἐκείνου</em></strong></span> 
     </span>
     <span class='ocr_line' id='line_1_12' title="bbox 443 1434 2615 1531; baseline 0.001 -22"><span class='ocrx_word' id='word_1_86' title='bbox 443 1443 721 1531; x_wconf 78' lang='grc' dir='ltr'><strong><em>διελύθη</em></strong></span> <span class='ocrx_word' id='word_1_87' title='bbox 780 1441 855 1509; x_wconf 87' lang='grc' dir='ltr'><strong><em>τὸ</em></strong></span> <span class='ocrx_word' id='word_1_88' title='bbox 905 1438 1296 1524; x_wconf 81' lang='grc' dir='ltr'><strong><em>Μαχλυϊκὸν</em></strong></span> <span class='ocrx_word' id='word_1_89' title='bbox 1351 1434 1535 1507; x_wconf 72' lang='grc' dir='ltr'><strong><em>ἷίπαν</em></strong></span> <span class='ocrx_word' id='word_1_90' title='bbox 1592 1444 1704 1507; x_wconf 81' lang='grc' dir='ltr'><strong><em>καὶ</em></strong></span> <span class='ocrx_word' id='word_1_91' title='bbox 1763 1441 1839 1508; x_wconf 88' lang='grc' dir='ltr'><strong><em>τὸ</em></strong></span> <span class='ocrx_word' id='word_1_92' title='bbox 1880 1436 2237 1510; x_wconf 82' lang='grc' dir='ltr'><strong><em>Ἀλανικὸν</em></strong></span> <span class='ocrx_word' id='word_1_93' title='bbox 2294 1436 2370 1509; x_wconf 80' lang='grc' dir='ltr'><strong><em>οὗ</em></strong></span> <span class='ocrx_word' id='word_1_94' title='bbox 2424 1447 2615 1527; x_wconf 85' lang='grc' dir='ltr'><strong><em>μετὰ</em></strong></span> 
     </span>
     <span class='ocr_line' id='line_1_13' title="bbox 442 1536 2621 1630; baseline 0.002 -21"><span class='ocrx_word' id='word_1_95' title='bbox 442 1544 616 1612; x_wconf 78' lang='grc' dir='ltr'><strong><em>πολὺ</em></strong></span> <span class='ocrx_word' id='word_1_96' title='bbox 673 1547 783 1611; x_wconf 87' lang='grc' dir='ltr'><strong><em>καὶ</em></strong></span> <span class='ocrx_word' id='word_1_97' title='bbox 845 1545 909 1610; x_wconf 78' lang='grc' dir='ltr'><strong><em>οἱ</em></strong></span> <span class='ocrx_word' id='word_1_98' title='bbox 951 1536 1258 1630; x_wconf 81' lang='grc' dir='ltr'><strong><em>Ἕλληνες</em></strong></span> <span class='ocrx_word' id='word_1_99' title='bbox 1317 1541 1433 1609; x_wconf 78' lang='grc' dir='ltr'><strong><em>ἐπὶ</em></strong></span> <span class='ocrx_word' id='word_1_100' title='bbox 1492 1543 1780 1621; x_wconf 87' lang='grc' dir='ltr'><strong><em>τούτοις·</em></strong></span> <span class='ocrx_word' id='word_1_101' title='bbox 1838 1537 2013 1609; x_wconf 76' lang='grc' dir='ltr'><strong><em>ὥστε</em></strong></span> <span class='ocrx_word' id='word_1_102' title='bbox 2071 1542 2471 1629; x_wconf 77' lang='grc' dir='ltr'><strong><em>ἐκρατοῦμεν</em></strong></span> <span class='ocrx_word' id='word_1_103' title='bbox 2544 1546 2621 1625; x_wconf 87' lang='grc' dir='ltr'><strong><em>ἐξ</em></strong></span> 
     </span>
     <span class='ocr_line' id='line_1_14' title="bbox 439 1635 2613 1734; baseline 0 -21"><span class='ocrx_word' id='word_1_104' title='bbox 439 1643 740 1734; x_wconf 77' lang='grc' dir='ltr'><strong><em>ὑπαρχῆς</em></strong></span> <span class='ocrx_word' id='word_1_105' title='bbox 785 1642 974 1734; x_wconf 82' lang='grc' dir='ltr'><strong><em>ἡμεῖς</em></strong></span> <span class='ocrx_word' id='word_1_106' title='bbox 1019 1647 1126 1711; x_wconf 83' lang='grc' dir='ltr'><strong><em>καὶ</em></strong></span> <span class='ocrx_word' id='word_1_107' title='bbox 1178 1644 1638 1731; x_wconf 80' lang='grc' dir='ltr'><strong><em>ἐπεξήλθομεν</em></strong></span> <span class='ocrx_word' id='word_1_108' title='bbox 1699 1635 1778 1711; x_wconf 66' lang='grc' dir='ltr'><strong><em>ἂν</em></strong></span> <span class='ocrx_word' id='word_1_109' title='bbox 1826 1644 1943 1712; x_wconf 83' lang='grc' dir='ltr'><strong><em>ἐπὶ</em></strong></span> <span class='ocrx_word' id='word_1_110' title='bbox 1990 1645 2162 1712; x_wconf 77' lang='grc' dir='ltr'><strong><em>πολὺ</em></strong></span> <span class='ocrx_word' id='word_1_111' title='bbox 2210 1654 2613 1726; x_wconf 78' lang='grc' dir='ltr'><strong><em>κτείνοντες,</em></strong></span> 
     </span>
     <span class='ocr_line' id='line_1_15' title="bbox 443 1740 2615 1836; baseline 0.001 -21"><span class='ocrx_word' id='word_1_112' title='bbox 443 1748 502 1815; x_wconf 82' lang='grc' dir='ltr'><strong><em>εἰ</em></strong></span> <span class='ocrx_word' id='word_1_113' title='bbox 545 1747 633 1836; x_wconf 88' lang='grc' dir='ltr'><strong><em>μὴ</em></strong></span> <span class='ocrx_word' id='word_1_114' title='bbox 682 1746 800 1825; x_wconf 77' lang='grc' dir='ltr'><strong><em>νὺξ</em></strong></span> <span class='ocrx_word' id='word_1_115' title='bbox 838 1746 913 1814; x_wconf 89' lang='grc' dir='ltr'><strong><em>τὸ</em></strong></span> <span class='ocrx_word' id='word_1_116' title='bbox 965 1746 1152 1834; x_wconf 74' lang='grc' dir='ltr'><strong><em>ἔργον</em></strong></span> <span class='ocrx_word' id='word_1_117' title='bbox 1199 1740 1541 1835; x_wconf 75' lang='grc' dir='ltr'><strong><em>ἀφείλετο.</em></strong></span> <span class='ocrx_word' id='word_1_118' title='bbox 1619 1746 1685 1824; x_wconf 88' lang='grc' dir='ltr'><strong><em>ἐς</em></strong></span> <span class='ocrx_word' id='word_1_119' title='bbox 1731 1746 1803 1813; x_wconf 83' lang='grc' dir='ltr'><strong><em>δὲ</em></strong></span> <span class='ocrx_word' id='word_1_120' title='bbox 1847 1745 1965 1833; x_wconf 85' lang='grc' dir='ltr'><strong><em>τὴν</em></strong></span> <span class='ocrx_word' id='word_1_121' title='bbox 2013 1748 2337 1815; x_wconf 85' lang='grc' dir='ltr'><strong><em>ἐπιοῦσαν</em></strong></span> <span class='ocrx_word' id='word_1_122' title='bbox 2385 1750 2615 1817; x_wconf 80' lang='grc' dir='ltr'><strong><em>ἱκέται</em></strong></span> 
     </span>
     <span class='ocr_line' id='line_1_16' title="bbox 443 1846 2613 1936; baseline 0.002 -22"><span class='ocrx_word' id='word_1_123' title='bbox 443 1848 630 1933; x_wconf 81' lang='grc' dir='ltr'><strong><em>παρὰ</em></strong></span> <span class='ocrx_word' id='word_1_124' title='bbox 688 1850 821 1913; x_wconf 78' lang='grc' dir='ltr'><strong><em>τῶν</em></strong></span> <span class='ocrx_word' id='word_1_125' title='bbox 868 1848 1212 1930; x_wconf 86' lang='grc' dir='ltr'><strong><em>πολεμίων</em></strong></span> <span class='ocrx_word' id='word_1_126' title='bbox 1270 1846 1535 1933; x_wconf 79' lang='grc' dir='ltr'><strong><em>ἥκοντες</em></strong></span> <span class='ocrx_word' id='word_1_127' title='bbox 1592 1846 1854 1914; x_wconf 83' lang='grc' dir='ltr'><strong><em>ἐδέοντο</em></strong></span> <span class='ocrx_word' id='word_1_128' title='bbox 1917 1851 2153 1936; x_wconf 79' lang='grc' dir='ltr'><strong><em>φιλίαν</em></strong></span> <span class='ocrx_word' id='word_1_129' title='bbox 2212 1856 2613 1932; x_wconf 81' lang='grc' dir='ltr'><strong><em>ποιεῖσθαι,</em></strong></span> 
     </span>
     <span class='ocr_line' id='line_1_17' title="bbox 443 1942 2613 2034; baseline 0.002 -19"><span class='ocrx_word' id='word_1_130' title='bbox 443 1951 874 2034; x_wconf 79' lang='grc' dir='ltr'><strong><em>Βοσπορανοὶ</em></strong></span> <span class='ocrx_word' id='word_1_131' title='bbox 918 1948 1038 2031; x_wconf 80' lang='grc' dir='ltr'><strong><em>μὲν</em></strong></span> <span class='ocrx_word' id='word_1_132' title='bbox 1084 1944 1514 2015; x_wconf 81' lang='grc' dir='ltr'><strong><em>ὑποτελέσειν</em></strong></span> <span class='ocrx_word' id='word_1_133' title='bbox 1561 1942 1925 2016; x_wconf 85' lang='grc' dir='ltr'><strong><em>διπλάσιον</em></strong></span> <span class='ocrx_word' id='word_1_134' title='bbox 1970 1950 2087 2017; x_wconf 85' lang='grc' dir='ltr'><strong><em>τὸν</em></strong></span> <span class='ocrx_word' id='word_1_135' title='bbox 2130 1949 2390 2034; x_wconf 88' lang='grc' dir='ltr'><strong><em>δασμὸν</em></strong></span> <span class='ocrx_word' id='word_1_136' title='bbox 2434 1947 2613 2019; x_wconf 80' lang='grc' dir='ltr'><strong><em>ὑπι-</em></strong></span> 
     </span>
     <span class='ocr_line' id='line_1_18' title="bbox 442 2046 2611 2139; baseline 0.002 -22"><span class='ocrx_word' id='word_1_137' title='bbox 442 2049 859 2134; x_wconf 88' lang='grc' dir='ltr'><strong><em>σχνούμενοι,</em></strong></span> <span class='ocrx_word' id='word_1_138' title='bbox 936 2049 1254 2132; x_wconf 85' lang='grc' dir='ltr'><strong><em>Μάχλυες</em></strong></span> <span class='ocrx_word' id='word_1_139' title='bbox 1331 2050 1403 2116; x_wconf 81' lang='grc' dir='ltr'><strong><em>δὲ</em></strong></span> <span class='ocrx_word' id='word_1_140' title='bbox 1478 2046 1766 2138; x_wconf 83' lang='grc' dir='ltr'><strong><em>ὁμήρους</em></strong></span> <span class='ocrx_word' id='word_1_141' title='bbox 1842 2050 2083 2118; x_wconf 83' lang='grc' dir='ltr'><strong><em>δώσειν</em></strong></span> <span class='ocrx_word' id='word_1_142' title='bbox 2157 2050 2451 2139; x_wconf 75' lang='grc' dir='ltr'><strong><em>ἔφασαν,</em></strong></span> <span class='ocrx_word' id='word_1_143' title='bbox 2542 2056 2611 2121; x_wconf 81' lang='grc' dir='ltr'><strong><em>οἱ</em></strong></span> 
     </span>
     <span class='ocr_line' id='line_1_19' title="bbox 432 2145 2704 2243; baseline -0 -25"><span class='ocrx_word' id='word_1_144' title='bbox 432 2148 707 2218; x_wconf 82' lang='grc' dir='ltr'><strong><em>Ἀλανοὶ</em></strong></span> <span class='ocrx_word' id='word_1_145' title='bbox 785 2152 855 2217; x_wconf 82' lang='grc' dir='ltr'><strong><em>δὲ</em></strong></span> <span class='ocrx_word' id='word_1_146' title='bbox 930 2145 1074 2218; x_wconf 83' lang='grc' dir='ltr'><strong><em>άντὶ</em></strong></span> <span class='ocrx_word' id='word_1_147' title='bbox 1152 2155 1268 2241; x_wconf 84' lang='grc' dir='ltr'><strong><em>τῆς</em></strong></span> <span class='ocrx_word' id='word_1_148' title='bbox 1335 2150 1585 2239; x_wconf 79' lang='grc' dir='ltr'><strong><em>ἐφόδου</em></strong></span> <span class='ocrx_word' id='word_1_149' title='bbox 1662 2150 1910 2240; x_wconf 80' lang='grc' dir='ltr'><strong><em>ἐκείνης</em></strong></span> <span class='ocrx_word' id='word_1_150' title='bbox 1976 2153 2366 2232; x_wconf 64' lang='grc' dir='ltr'><strong><em>Σινδιανοὺς</em></strong></span> <span class='ocrx_word' id='word_1_151' title='bbox 2436 2151 2704 2243; x_wconf 83' lang='grc' dir='ltr'><strong><em>ἡμῖν561</em></strong></span> 
     </span>
     <span class='ocr_line' id='line_1_20' title="bbox 434 2250 2612 2342; baseline 0.001 -21"><span class='ocrx_word' id='word_1_152' title='bbox 434 2253 901 2339; x_wconf 86' lang='grc' dir='ltr'><strong><em>χειρώσασθαι</em></strong></span> <span class='ocrx_word' id='word_1_153' title='bbox 957 2250 1342 2342; x_wconf 81' lang='grc' dir='ltr'><strong><em>’ὑπέστησαν</em></strong></span> <span class='ocrx_word' id='word_1_154' title='bbox 1403 2252 1472 2319; x_wconf 83' lang='grc' dir='ltr'><strong><em>ἐκ</em></strong></span> <span class='ocrx_word' id='word_1_155' title='bbox 1517 2255 1774 2320; x_wconf 83' lang='grc' dir='ltr'><strong><em>πολλοῦ</em></strong></span> <span class='ocrx_word' id='word_1_156' title='bbox 1821 2254 2202 2333; x_wconf 82' lang='grc' dir='ltr'><strong><em>διεστῶτας.</em></strong></span> <span class='ocrx_word' id='word_1_157' title='bbox 2277 2250 2399 2323; x_wconf 82' lang='grc' dir='ltr'><strong><em>ἐπὶ</em></strong></span> <span class='ocrx_word' id='word_1_158' title='bbox 2440 2259 2612 2324; x_wconf 84' lang='grc' dir='ltr'><strong><em>τού-</em></strong></span> 
     </span>
     <span class='ocr_line' id='line_1_21' title="bbox 439 2353 2611 2446; baseline 0.002 -25"><span class='ocrx_word' id='word_1_159' title='bbox 439 2380 582 2433; x_wconf 90' lang='grc' dir='ltr'><strong><em>τοις</em></strong></span> <span class='ocrx_word' id='word_1_160' title='bbox 641 2353 1088 2443; x_wconf 76' lang='grc' dir='ltr'><strong><em>ἐπείσθημεν,</em></strong></span> <span class='ocrx_word' id='word_1_161' title='bbox 1154 2354 1354 2433; x_wconf 88' lang='grc' dir='ltr'><strong><em>δόξαν</em></strong></span> <span class='ocrx_word' id='word_1_162' title='bbox 1423 2353 1597 2421; x_wconf 80' lang='grc' dir='ltr'><strong><em>πολὺ</em></strong></span> <span class='ocrx_word' id='word_1_163' title='bbox 1657 2354 1985 2440; x_wconf 89' lang='grc' dir='ltr'><strong><em>πρότερον</em></strong></span> <span class='ocrx_word' id='word_1_164' title='bbox 2033 2353 2419 2446; x_wconf 73' lang='grc' dir='ltr'><strong><em>Ἀρσακόμᾳ</em></strong></span> <span class='ocrx_word' id='word_1_165' title='bbox 2488 2363 2611 2426; x_wconf 89' lang='grc' dir='ltr'><strong><em>καὶ</em></strong></span> 
     </span>
     <span class='ocr_line' id='line_1_22' title="bbox 436 2456 2609 2545; baseline 0.001 -21"><span class='ocrx_word' id='word_1_166' title='bbox 436 2457 793 2545; x_wconf 84' lang='grc' dir='ltr'><strong><em>Λογχάτῃ·</em></strong></span> <span class='ocrx_word' id='word_1_167' title='bbox 881 2460 993 2524; x_wconf 85' lang='grc' dir='ltr'><strong><em>καὶ</em></strong></span> <span class='ocrx_word' id='word_1_168' title='bbox 1068 2456 1319 2543; x_wconf 87' lang='grc' dir='ltr'><strong><em>ἐγένετο</em></strong></span> <span class='ocrx_word' id='word_1_169' title='bbox 1402 2456 1623 2545; x_wconf 82' lang='grc' dir='ltr'><strong><em>εἰρήνη</em></strong></span> <span class='ocrx_word' id='word_1_170' title='bbox 1705 2456 1971 2525; x_wconf 79' lang='grc' dir='ltr'><strong><em>ἐκείνων</em></strong></span> <span class='ocrx_word' id='word_1_171' title='bbox 2049 2460 2609 2545; x_wconf 84' lang='grc' dir='ltr'><strong><em>πρυτανευόντων</em></strong></span> 
     </span>
     <span class='ocr_line' id='line_1_23' title="bbox 441 2560 703 2627; baseline -0.004 0"><span class='ocrx_word' id='word_1_172' title='bbox 441 2560 703 2627; x_wconf 76' lang='grc' dir='ltr'><strong><em>ἕκαστα.</em></strong></span> 
     </span>
    </p>

    <p class='ocr_par' dir='ltr' id='par_1_3' title="bbox 439 2646 2603 2850">
     <span class='ocr_line' id='line_1_24' title="bbox 616 2646 2603 2748; baseline 0.003 -22"><span class='ocrx_word' id='word_1_173' title='bbox 616 2665 930 2740; x_wconf 85' lang='grc' dir='ltr'><strong><em>Τοιαῦτα,</em></strong></span> <span class='ocrx_word' id='word_1_174' title='bbox 979 2646 1034 2725; x_wconf 73' lang='grc' dir='ltr'><em>ὦ</em></span> <span class='ocrx_word' id='word_1_175' title='bbox 1064 2660 1471 2748; x_wconf 79' lang='grc' dir='ltr'><strong><em>Μνήσιππε,</em></strong></span> <span class='ocrx_word' id='word_1_176' title='bbox 1516 2662 1818 2743; x_wconf 82' lang='grc' dir='ltr'><strong><em>τολμῶσι</em></strong></span> <span class='ocrx_word' id='word_1_177' title='bbox 1862 2675 2087 2729; x_wconf 83' lang='grc' dir='ltr'><strong><em>ποιεῖν</em></strong></span> <span class='ocrx_word' id='word_1_178' title='bbox 2116 2661 2378 2728; x_wconf 82' lang='grc' dir='ltr'><strong><em>Σκύθαι</em></strong></span> <span class='ocrx_word' id='word_1_179' title='bbox 2420 2658 2603 2748; x_wconf 81' lang='grc' dir='ltr'><strong><em>ὑπὲρ</em></strong></span> 
     </span>
     <span class='ocr_line' id='line_1_25' title="bbox 439 2765 854 2850; baseline 0 -21"><span class='ocrx_word' id='word_1_180' title='bbox 439 2768 572 2829; x_wconf 79' lang='grc' dir='ltr'><strong><em>τῶν</em></strong></span> <span class='ocrx_word' id='word_1_181' title='bbox 617 2765 854 2850; x_wconf 85' lang='grc' dir='ltr'><strong><em>φίλων</em></strong></span> 
     </span>
    </p>

    <p class='ocr_par' dir='ltr' id='par_1_4' title="bbox 335 2848 2599 3245">
     <span class='ocr_line' id='line_1_26' title="bbox 335 2848 2599 2950; baseline 0.003 -23"><span class='ocrx_word' id='word_1_182' title='bbox 335 2872 411 2927; x_wconf 72' lang='lat'><strong><em>56</em></strong></span> <span class='ocrx_word' id='word_1_183' title='bbox 612 2869 712 2930; x_wconf 87' lang='lat'><strong><em>56.</em></strong></span> <span class='ocrx_word' id='word_1_184' title='bbox 762 2868 1059 2928; x_wconf 87' lang='grc' dir='ltr'><strong><em>ΜΝΗΣ.</em></strong></span> <span class='ocrx_word' id='word_1_185' title='bbox 1123 2862 1316 2929; x_wconf 89' lang='grc' dir='ltr'><strong><em>Πάνυ</em></strong></span> <span class='ocrx_word' id='word_1_186' title='bbox 1364 2863 1675 2949; x_wconf 89' lang='grc' dir='ltr'><strong><em>τραγικά,</em></strong></span> <span class='ocrx_word' id='word_1_187' title='bbox 1737 2848 1793 2928; x_wconf 75' lang='grc' dir='ltr'><em>ὦ</em></span> <span class='ocrx_word' id='word_1_188' title='bbox 1846 2863 2127 2950; x_wconf 88' lang='grc' dir='ltr'><strong><em>Τόξαρι,</em></strong></span> <span class='ocrx_word' id='word_1_189' title='bbox 2186 2868 2299 2931; x_wconf 90' lang='grc' dir='ltr'><strong><em>καὶ</em></strong></span> <span class='ocrx_word' id='word_1_190' title='bbox 2341 2866 2599 2949; x_wconf 90' lang='grc' dir='ltr'><strong><em>μύθοις</em></strong></span> 
     </span>
     <span class='ocr_line' id='line_1_27' title="bbox 438 2960 2599 3086; baseline 0.003 -57"><span class='ocrx_word' id='word_1_191' title='bbox 438 2960 671 3086; x_wconf 74' lang='grc' dir='ltr'><strong><em>ὅμοια·</em></strong></span> <span class='ocrx_word' id='word_1_192' title='bbox 718 2967 827 3030; x_wconf 82' lang='grc' dir='ltr'><strong><em>καὶ</em></strong></span> <span class='ocrx_word' id='word_1_193' title='bbox 860 2964 1060 3041; x_wconf 75' lang='grc' dir='ltr'><strong><em>ἵλεως</em></strong></span> <span class='ocrx_word' id='word_1_194' title='bbox 1102 2966 1224 3047; x_wconf 82' lang='grc' dir='ltr'><strong><em>μὲν</em></strong></span> <span class='ocrx_word' id='word_1_195' title='bbox 1269 2961 1302 3031; x_wconf 84' lang='grc' dir='ltr'><em>ὃ</em></span> <span class='ocrx_word' id='word_1_196' title='bbox 1332 2962 1681 3053; x_wconf 82' lang='grc' dir='ltr'><strong><em>Ἀκινάκης</em></strong></span> <span class='ocrx_word' id='word_1_197' title='bbox 1724 2968 1835 3032; x_wconf 87' lang='grc' dir='ltr'><strong><em>καὶ</em></strong></span> <span class='ocrx_word' id='word_1_198' title='bbox 1876 2962 1910 3032; x_wconf 84' lang='grc' dir='ltr'><em>ὃ</em></span> <span class='ocrx_word' id='word_1_199' title='bbox 1934 2961 2236 3051; x_wconf 60' lang='lat' dir='ltr'><strong><em>”Arsaos</em></strong></span> <span class='ocrx_word' id='word_1_200' title='bbox 2282 2964 2433 3053; x_wconf 75' lang='grc' dir='ltr'><strong><em>εἶεν,</em></strong></span> <span class='ocrx_word' id='word_1_201' title='bbox 2482 2969 2599 3046; x_wconf 83' lang='grc' dir='ltr'><strong><em>οὓς</em></strong></span> 
     </span>
     <span class='ocr_line' id='line_1_28' title="bbox 437 3058 2597 3155; baseline 0.003 -24"><span class='ocrx_word' id='word_1_202' title='bbox 437 3058 739 3150; x_wconf 77' lang='grc' dir='ltr'><strong><em>ὤμοσας</em></strong></span> <span class='ocrx_word' id='word_1_203' title='bbox 803 3064 863 3131; x_wconf 80' lang='grc' dir='ltr'><strong><em>εἰ</em></strong></span> <span class='ocrx_word' id='word_1_204' title='bbox 905 3069 1062 3150; x_wconf 83' lang='grc' dir='ltr'><strong><em>γοῦν</em></strong></span> <span class='ocrx_word' id='word_1_205' title='bbox 1105 3092 1209 3144; x_wconf 89' lang='grc' dir='ltr'><strong><em>τις</em></strong></span> <span class='ocrx_word' id='word_1_206' title='bbox 1257 3060 1579 3155; x_wconf 74' lang='grc' dir='ltr'><strong><em>ἀπιστοίη</em></strong></span> <span class='ocrx_word' id='word_1_207' title='bbox 1628 3060 1885 3148; x_wconf 77' lang='grc' dir='ltr'><strong><em>αὐτοῖς,</em></strong></span> <span class='ocrx_word' id='word_1_208' title='bbox 1939 3061 2013 3134; x_wconf 80' lang='grc' dir='ltr'><strong><em>οὗ</em></strong></span> <span class='ocrx_word' id='word_1_209' title='bbox 2062 3068 2239 3135; x_wconf 89' lang='grc' dir='ltr'><strong><em>πάνυ</em></strong></span> <span class='ocrx_word' id='word_1_210' title='bbox 2284 3070 2597 3154; x_wconf 86' lang='grc' dir='ltr'><strong><em>μεμπτὸς</em></strong></span> 
     </span>
     <span class='ocr_line' id='line_1_29' title="bbox 438 3162 1052 3245; baseline -0.002 -11"><span class='ocrx_word' id='word_1_211' title='bbox 438 3166 609 3235; x_wconf 84' lang='grc' dir='ltr'><strong><em>εἶναι</em></strong></span> <span class='ocrx_word' id='word_1_212' title='bbox 655 3166 907 3245; x_wconf 86' lang='grc' dir='ltr'><strong><em>δόξειεν</em></strong></span> <span class='ocrx_word' id='word_1_213' title='bbox 955 3162 1052 3233; x_wconf 76' lang='grc' dir='ltr'><strong><em>ἄν.</em></strong></span> 
     </span>
    </p>

    <p class='ocr_par' dir='ltr' id='par_1_5' title="bbox 434 3262 2593 3557">
     <span class='ocr_line' id='line_1_30' title="bbox 615 3262 2590 3357; baseline 0.001 -21"><span class='ocrx_word' id='word_1_214' title='bbox 615 3270 842 3342; x_wconf 47' lang='lat' dir='ltr'><strong><em>TOEs</em></strong></span> <span class='ocrx_word' id='word_1_215' title='bbox 891 3262 1080 3334; x_wconf 74' lang='grc' dir='ltr'><strong><em>Ἀλλ’</em></strong></span> <span class='ocrx_word' id='word_1_216' title='bbox 1145 3262 1290 3356; x_wconf 89' lang='grc' dir='ltr'><strong><em>όρα,</em></strong></span> <span class='ocrx_word' id='word_1_217' title='bbox 1358 3268 1411 3335; x_wconf 83' lang='grc' dir='ltr'><strong><em>ώ</em></strong></span> <span class='ocrx_word' id='word_1_218' title='bbox 1470 3283 1760 3355; x_wconf 81' lang='grc' dir='ltr'><strong><em>γενναῖε,</em></strong></span> <span class='ocrx_word' id='word_1_219' title='bbox 1824 3267 1914 3355; x_wconf 81' lang='grc' dir='ltr'><strong><em>μὴ</em></strong></span> <span class='ocrx_word' id='word_1_220' title='bbox 1977 3269 2241 3357; x_wconf 84' lang='grc' dir='ltr'><strong><em>φθόνος</em></strong></span> <span class='ocrx_word' id='word_1_221' title='bbox 2310 3267 2495 3355; x_wconf 84' lang='grc' dir='ltr'><strong><em>ὑμων</em></strong></span> <span class='ocrx_word' id='word_1_222' title='bbox 2556 3269 2590 3357; x_wconf 79' lang='grc' dir='ltr'><em>ἦ</em></span> 
     </span>
     <span class='ocr_line' id='line_1_31' title="bbox 437 3364 2593 3461; baseline 0 -23"><span class='ocrx_word' id='word_1_223' title='bbox 437 3372 726 3440; x_wconf 84' lang='grc' dir='ltr'><strong><em>ἀπιστία</em></strong></span> <span class='ocrx_word' id='word_1_224' title='bbox 770 3368 843 3459; x_wconf 85' lang='grc' dir='ltr'><strong><em>ἠ·</em></strong></span> <span class='ocrx_word' id='word_1_225' title='bbox 901 3370 1076 3461; x_wconf 82' lang='grc' dir='ltr'><strong><em>πλὴν</em></strong></span> <span class='ocrx_word' id='word_1_226' title='bbox 1125 3368 1239 3437; x_wconf 79' lang='grc' dir='ltr'><strong><em>οὑκ</em></strong></span> <span class='ocrx_word' id='word_1_227' title='bbox 1285 3370 1398 3455; x_wconf 81' lang='grc' dir='ltr'><strong><em>ἐμὲ</em></strong></span> <span class='ocrx_word' id='word_1_228' title='bbox 1450 3365 1867 3456; x_wconf 78' lang='grc' dir='ltr'><strong><em>ἀποτρέψεις</em></strong></span> <span class='ocrx_word' id='word_1_229' title='bbox 1911 3364 2217 3438; x_wconf 77' lang='grc' dir='ltr'><strong><em>ἀπιστῶν</em></strong></span> <span class='ocrx_word' id='word_1_230' title='bbox 2262 3377 2373 3439; x_wconf 85' lang='grc' dir='ltr'><strong><em>καὶ</em></strong></span> <span class='ocrx_word' id='word_1_231' title='bbox 2422 3368 2593 3439; x_wconf 87' lang='grc' dir='ltr'><strong><em>άλλα</em></strong></span> 
     </span>
     <span class='ocr_line' id='line_1_32' title="bbox 434 3466 2158 3557; baseline -0.002 -17"><span class='ocrx_word' id='word_1_232' title='bbox 434 3477 714 3541; x_wconf 84' lang='grc' dir='ltr'><strong><em>τοιαῦτα</em></strong></span> <span class='ocrx_word' id='word_1_233' title='bbox 760 3471 1054 3540; x_wconf 86' lang='grc' dir='ltr'><strong><em>εἰπεῖν</em></strong></span> <span class='ocrx_word' id='word_1_234' title='bbox 1024 3500 1065 3538; x_wconf 91' lang='grc' dir='ltr'><strong><em>α</em></strong></span> <span class='ocrx_word' id='word_1_235' title='bbox 1113 3469 1265 3540; x_wconf 85' lang='grc' dir='ltr'><strong><em>οἶδα</em></strong></span> <span class='ocrx_word' id='word_1_236' title='bbox 1311 3468 1445 3539; x_wconf 84' lang='grc' dir='ltr'><strong><em>ὑπὸ</em></strong></span> <span class='ocrx_word' id='word_1_237' title='bbox 1496 3475 1779 3538; x_wconf 78' lang='grc' dir='ltr'><strong><em>Σκυθῶν</em></strong></span> <span class='ocrx_word' id='word_1_238' title='bbox 1823 3466 2158 3557; x_wconf 89' lang='grc' dir='ltr'><strong><em>γενόμενα.</em></strong></span> 
     </span>
    </p>

    <p class='ocr_par' dir='ltr' id='par_1_6' title="bbox 433 3569 2746 4069">
     <span class='ocr_line' id='line_1_33' title="bbox 606 3569 2746 3700; baseline 0 -59"><span class='ocrx_word' id='word_1_239' title='bbox 606 3582 902 3643; x_wconf 87' lang='grc' dir='ltr'><strong><em>ΜΝΗΣ.</em></strong></span> <span class='ocrx_word' id='word_1_240' title='bbox 975 3574 1092 3662; x_wconf 86' lang='grc' dir='ltr'><strong><em>Μὴ</em></strong></span> <span class='ocrx_word' id='word_1_241' title='bbox 1150 3574 1370 3661; x_wconf 82' lang='grc' dir='ltr'><strong><em>μακρὰ</em></strong></span> <span class='ocrx_word' id='word_1_242' title='bbox 1430 3574 1665 3659; x_wconf 88' lang='grc' dir='ltr'><strong><em>μόνον,</em></strong></span> <span class='ocrx_word' id='word_1_243' title='bbox 1727 3601 1778 3639; x_wconf 92' lang='grc' dir='ltr'><strong><em>ω</em></strong></span> <span class='ocrx_word' id='word_1_244' title='bbox 1828 3569 2090 3659; x_wconf 71' lang='grc' dir='ltr'><strong><em>ἄριστε,</em></strong></span> <span class='ocrx_word' id='word_1_245' title='bbox 2152 3575 2321 3664; x_wconf 81' lang='grc' dir='ltr'><strong><em>μηδὲ</em></strong></span> <span class='ocrx_word' id='word_1_246' title='bbox 2380 3569 2591 3655; x_wconf 86' lang='grc' dir='ltr'><strong><em>ούτως</em></strong></span> <span class='ocrx_word' id='word_1_247' title='bbox 2744 3614 2746 3700; x_wconf 74' lang='grc' dir='ltr'>Ι</span> 
     </span>
     <span class='ocr_line' id='line_1_34' title="bbox 436 3671 2587 3765; baseline 0 -21"><span class='ocrx_word' id='word_1_248' title='bbox 436 3673 713 3765; x_wconf 73' lang='grc' dir='ltr'><strong><em>ἀφέτοις</em></strong></span> <span class='ocrx_word' id='word_1_249' title='bbox 752 3676 1087 3762; x_wconf 89' lang='grc' dir='ltr'><strong><em>χρώμενος</em></strong></span> <span class='ocrx_word' id='word_1_250' title='bbox 1142 3689 1285 3754; x_wconf 91' lang='grc' dir='ltr'><strong><em>τοῖς</em></strong></span> <span class='ocrx_word' id='word_1_251' title='bbox 1331 3676 1584 3763; x_wconf 87' lang='grc' dir='ltr'><strong><em>λόγοις·</em></strong></span> <span class='ocrx_word' id='word_1_252' title='bbox 1643 3671 1733 3753; x_wconf 81' lang='grc' dir='ltr'><strong><em>ὥς</em></strong></span> <span class='ocrx_word' id='word_1_253' title='bbox 1778 3682 1891 3741; x_wconf 87' lang='grc' dir='ltr'><strong><em>νῦν</em></strong></span> <span class='ocrx_word' id='word_1_254' title='bbox 1935 3699 2007 3761; x_wconf 93' lang='grc' dir='ltr'><strong><em>γε</em></strong></span> <span class='ocrx_word' id='word_1_255' title='bbox 2053 3701 2191 3741; x_wconf 91' lang='grc' dir='ltr'><strong><em>ανω</em></strong></span> <span class='ocrx_word' id='word_1_256' title='bbox 2249 3680 2361 3743; x_wconf 83' lang='grc' dir='ltr'><strong><em>καὶ</em></strong></span> <span class='ocrx_word' id='word_1_257' title='bbox 2408 3672 2587 3744; x_wconf 88' lang='grc' dir='ltr'><strong><em>κάτω</em></strong></span> 
     </span>
     <span class='ocr_line' id='line_1_35' title="bbox 433 3776 2589 3867; baseline 0 -22"><span class='ocrx_word' id='word_1_258' title='bbox 433 3780 554 3867; x_wconf 70' lang='grc' dir='ltr'><strong><em>τὴν</em></strong></span> <span class='ocrx_word' id='word_1_259' title='bbox 610 3784 909 3845; x_wconf 89' lang='grc' dir='ltr'><strong><em>Σκυθίαν</em></strong></span> <span class='ocrx_word' id='word_1_260' title='bbox 975 3781 1086 3845; x_wconf 85' lang='grc' dir='ltr'><strong><em>καὶ</em></strong></span> <span class='ocrx_word' id='word_1_261' title='bbox 1151 3777 1270 3864; x_wconf 85' lang='grc' dir='ltr'><strong><em>τὴν</em></strong></span> <span class='ocrx_word' id='word_1_262' title='bbox 1329 3776 1741 3863; x_wconf 80' lang='grc' dir='ltr'><strong><em>Μαχλυανὴν</em></strong></span> <span class='ocrx_word' id='word_1_263' title='bbox 1810 3776 2110 3844; x_wconf 84' lang='grc' dir='ltr'><strong><em>διαθέων</em></strong></span> <span class='ocrx_word' id='word_1_264' title='bbox 2174 3781 2285 3844; x_wconf 83' lang='grc' dir='ltr'><strong><em>καὶ</em></strong></span> <span class='ocrx_word' id='word_1_265' title='bbox 2347 3778 2414 3857; x_wconf 87' lang='grc' dir='ltr'><strong><em>ἐς</em></strong></span> <span class='ocrx_word' id='word_1_266' title='bbox 2468 3780 2589 3847; x_wconf 83' lang='grc' dir='ltr'><strong><em>τὸν</em></strong></span> 
     </span>
     <span class='ocr_line' id='line_1_36' title="bbox 435 3874 2744 3992; baseline -0.001 -44"><span class='ocrx_word' id='word_1_267' title='bbox 435 3882 794 3968; x_wconf 91' lang='grc' dir='ltr'><strong><em>Βόσπορον</em></strong></span> <span class='ocrx_word' id='word_1_268' title='bbox 840 3874 1091 3960; x_wconf 76' lang='grc' dir='ltr'><strong><em>ἀπιών,</em></strong></span> <span class='ocrx_word' id='word_1_269' title='bbox 1153 3874 1282 3947; x_wconf 77' lang='grc' dir='ltr'><strong><em>εἶτ’</em></strong></span> <span class='ocrx_word' id='word_1_270' title='bbox 1337 3878 1632 3946; x_wconf 79' lang='grc' dir='ltr'><strong><em>ἐπανιὼν</em></strong></span> <span class='ocrx_word' id='word_1_271' title='bbox 1678 3878 1856 3945; x_wconf 89' lang='grc' dir='ltr'><strong><em>πάνυ</em></strong></span> <span class='ocrx_word' id='word_1_272' title='bbox 1899 3903 2029 3963; x_wconf 89' lang='grc' dir='ltr'><strong><em>μου</em></strong></span> <span class='ocrx_word' id='word_1_273' title='bbox 2074 3879 2454 3966; x_wconf 85' lang='grc' dir='ltr'><strong><em>κατεχρήσω</em></strong></span> <span class='ocrx_word' id='word_1_274' title='bbox 2503 3886 2585 3969; x_wconf 79' lang='grc' dir='ltr'><strong><em>τῇ</em></strong></span> <span class='ocrx_word' id='word_1_275' title='bbox 2742 3876 2744 3992; x_wconf 51' lang='lat'>1</span> 
     </span>
     <span class='ocr_line' id='line_1_37' title="bbox 435 4006 686 4069; baseline -0.012 -19"><span class='ocrx_word' id='word_1_276' title='bbox 435 4006 686 4069; x_wconf 87' lang='grc' dir='ltr'><strong><em>σιωπῃ.</em></strong></span> 
     </span>
    </p>
   </div>
   <div class='ocr_carea' id='block_1_3' title="bbox 560 4176 2742 4286">
    <p class='ocr_par' dir='ltr' id='par_1_7' title="bbox 560 4176 2742 4286">
     <span class='ocr_line' id='line_1_38' title="bbox 560 4176 2742 4286; baseline 0 0"><span class='ocrx_word' id='word_1_277' title='bbox 560 4249 604 4271; x_wconf 41' lang='lat' dir='ltr'>x</span> <span class='ocrx_word' id='word_1_278' title='bbox 2740 4176 2742 4286; x_wconf 68' lang='lat' dir='ltr'>l</span> 
     </span>
    </p>
   </div>
  </div>
 </body>
</html>
