2750 4534
402 291 437 348 6
1274 291 1680 356 [ΛΟΥΚΙΑΝΟΥ]

397 457 555 549 ἡμῖν
586 461 810 546 Κνίδῳ
858 466 1315 547 προσορμίσαι
1359 461 1529 527 κατὰ
1560 465 1731 526 θέαν
1776 463 1894 526 τοῦ
1916 453 2321 548 Ἀφροδίτης
2369 460 2547 544 ἱεροῦ

399 601 483 610 -
526 559 829 646 ὑμνεῖται
877 563 948 628 δὲ
991 563 1227 628 τούτου
1272 563 1348 630 τὸ
1396 567 1513 650 τῆς
1558 561 2010 646 Πραξιτέλους
2058 555 2388 649 εὐχερείας
2434 558 2547 630 ὅν-

397 691 530 744 τως
573 665 1033 753 ἐπαφρόδιτον
1079 702 1159 712 -
1201 658 1415 752 ἠρέμα
1474 669 1553 753 τῇ
1608 667 1689 752 γῇ
1734 669 2286 752 προσηνέχθημεν
2346 659 2547 751 αὐτῆς

401 765 592 853 οἶμαι
641 770 756 857 τῆς
801 771 971 834 θεοῦ
997 769 1274 863 βλιπαρᾷ
1315 761 1563 855 γαλήνῃ
1610 765 2220 854 πομποστολούσης
2261 766 2337 834 τὸ
2388 768 2547 834 σκά-

400 895 548 958 φος.
623 885 766 946 τοῖς
794 871 914 953 μὲν
948 863 1061 936 οὖν
1094 865 1324 948 ἄλλοις
1357 869 1593 954 ἕμελον
1640 871 1711 936 αἱ
1745 863 2057 957 συνήθεις
2103 878 2545 955 παρασκευαί,

400 971 524 1058 ἐγώ
572 973 644 1037 δὲ
682 971 758 1037 τὸ
794 969 1108 1094 ε’ρωτικὸν
1155 971 1376 1056 ζεῦγος
1408 971 1824 1058 ἑκατέρωθεν
1870 969 2290 1054 ἐξαψάμενος
2333 971 2546 1058 κύκλω

398 1073 700 1161 περιῄειν
744 1072 862 1162 τὴν
906 1075 1154 1140 Κνίδον
1201 1100 1314 1141 ουκ
1359 1070 1672 1159 ἀγελαστὶ
1715 1073 1834 1160 τὴς
1877 1077 2350 1164 κεραμευτικῆς
2390 1069 2549 1141 ἆκο-

399 1177 640 1252 λασίας
695 1180 983 1259 μετέχων
1029 1172 1120 1254 ῶς
1165 1175 1232 1243 ἐν
1270 1171 1675 1265 Ἀφροδίτης
1720 1176 1940 1242 πόλει.
2030 1175 2230 1254 στοὰς
2291 1177 2363 1242 δὲ
2401 1183 2551 1242 Σω-

402 1279 686 1361 στράτου
745 1281 855 1346 καὶ
903 1276 1115 1344 τᾶλλα
1174 1277 1302 1345 ὅσα
1346 1285 1642 1402 τέρπειν
1674 1275 1849 1365 ἡμᾶς
1910 1277 2216 1360 ἐδύνατο,
2276 1283 2550 1365 πρῶτον

400 1380 948 1467 εκπεριελθόντες
1005 1382 1125 1448 ἐπὶ
1177 1381 1294 1451 τὸν
1341 1381 1505 1449 νεῶν
1561 1385 1677 1470 τῆς
1712 1376 2120 1469 Ἀφροδίτης
2161 1380 2545 1465 βαδίζομεν,

400 1481 489 1548 νῶ
535 1487 685 1566 μέν,
735 1481 859 1568 ἐγώ
903 1507 976 1548 τε
1019 1485 1131 1549 καὶ
1175 1485 1551 1572 Χαρικλῆς,
1614 1481 1791 1548 πάνυ
1838 1482 2244 1568 προθύμως,
2292 1484 2651 1549 Καλλι-409

395 1584 713 1670 κρατίδας
771 1579 837 1650 δ>
889 1581 980 1662 ῶς
1025 1584 1140 1652 ἐπὶ
1187 1591 1360 1651 θέαν
1402 1586 1691 1672 θήλειαν
1739 1580 1941 1660 ἄκων,
1988 1576 2178 1670 ἥδιον
2225 1575 2306 1651 ἂν
2354 1581 2548 1668 οἶμαι

397 1691 515 1775 τῆς
551 1681 956 1775 Ἀφροδίτης
997 1691 1113 1776 τῆς
1158 1688 1442 1765 Κνιδίας
1494 1686 1609 1754 τὸν
1656 1686 1723 1753 ἐν
1772 1691 2104 1764 Θεσπιαῖς
2150 1680 2546 1754 αντικαταλ-

294 1801 362 1856 12
401 1788 766 1873 λαξάμενος
795 1786 1071 1875 Ἔρωτα.
1169 1797 1262 1857 12.
1319 1796 1434 1856 καί
1490 1814 1641 1867 πως
1684 1783 1890 1866 εύθυς
1943 1785 2100 1874 ἡμῖν
2158 1781 2279 1854 ἀπ’
2348 1783 2549 1856 αὐτοῦ

399 1893 519 1956 τοῦ
573 1895 883 1974 τεμένους
918 1884 1351 1979 Ἀφροδίσιοι
1420 1895 1930 1977 προσέπνευσαν
1989 1887 2219 1975 αὖραι·
2287 1889 2362 1956 τὸ
2422 1889 2549 1976 γὰρ

401 1992 675 2076 αι’θριον
721 1985 838 2058 οὐκ
897 1992 993 2070 εἰς
1050 1992 1302 2080 έδαφος
1363 2018 1600 2078 αγονον
1660 1987 2003 2076 ῶμάλιστο
2065 1992 2281 2058 λίθων
2340 1992 2549 2069 πλαξὶ

399 2095 613 2171 λείαις
658 2091 1097 2218 ἐστρωμένον,
1159 2088 1307 2159 αλλ’
1361 2090 1452 2171 ῶς
1511 2093 1579 2160 ἓν
1615 2087 2036 2216 Ἀφροδίτης
2084 2117 2268 2158 απαν
2310 2089 2391 2182 ἦν
2410 2094 2551 2214 210¹-

397 2221 586 2279 νιμον
667 2192 926 2281 ἡμέρων
999 2199 1253 2283 φυτῶν,
1337 2195 1378 2262 ἃ
1446 2209 1595 2273 ταῖς
1669 2195 1907 2279 κόμαις
1974 2189 2331 2262 ευθαλέσιν
2400 2191 2549 2316 ἄχρι

396 2297 631 2384 πόρρω
687 2297 976 2382 βρύοντα
1033 2297 1149 2364 τὸν
1206 2297 1408 2384 πέριξ
1464 2292 1629 2380 ἆέρα
1687 2295 2141 2385 συνωρόφουν.
2230 2299 2551 2379 περιττόν

395 2424 468 2485 γε
509 2399 640 2487 μὴν
699 2396 737 2489 ἡ
794 2399 1261 2487 πυκνόκαρπος
1318 2400 1629 2489 ἕτεθήλει
1683 2407 1961 2486 μυρρίνη
2020 2398 2209 2486 παρὰ
2264 2398 2382 2488 τὴν
2442 2399 2553 2465 δέ-

399 2525 686 2569 σποιναν
746 2497 951 2592 αὐτῆς
1009 2502 1302 2589 δαψιλὴς
1359 2517 1700 2590 πεφυκυῖα
1766 2506 1897 2568 τῶν
1954 2527 2027 2568 τε
2087 2504 2344 2569 λοιπῶν
2404 2503 2551 2569 δέν-

399 2605 572 2690 δρων
632 2605 938 2687 ἕκαστον,
1005 2597 1132 2671 ὅσα
1188 2605 1471 2683 κάλλους
1529 2607 1936 2693 μετείληχεν·
2005 2597 2149 2670 οὐδ’
2218 2599 2384 2670 αὐτὰ
2441 2611 2550 2689 γε’-

397 2733 630 2793 ροντος
687 2703 811 2796 ἤδη
866 2707 1106 2793 χρόνου
1166 2707 1374 2774 πολιὰ
1436 2707 1877 2788 καθαύαινεν,
1939 2700 2086 2772 ἄλλ’
2148 2700 2272 2771 ὕπ’
2338 2699 2550 2794 ἀκμῆς

397 2813 784 2896 σφριγῶντα
830 2814 1007 2885 νέοις
1049 2810 1296 2876 κλωσὶν
1345 2797 1421 2896 ἧν
1452 2801 1642 2894 ὥρια.
1730 2808 1993 2885 τούτοις
2040 2801 2104 2873 δ’
2151 2801 2545 2892 ἆνεμέμικτο

393 2913 503 2978 καὶ
535 2911 618 2978 τὰ
650 2915 925 2993 καρπῶν
973 2913 1092 2994 μὲν
1128 2907 1347 2989 ἄλλως
1380 2907 1605 2996 ἄγονα,
1651 2910 1770 2999 τὴν
1804 2904 1865 2975 δ’
1905 2904 2276 2998 εὐμορφίαν
2313 2909 2549 2994 ἔχοντα
2564 2927 2654 2977 410

393 3013 684 3097 καρπόν,
741 3021 1169 3095 κυπαρίττων
1225 3039 1297 3099 γε
1350 3016 1461 3080 καὶ
1508 3014 1980 3078 πλατανίστων
2039 3012 2317 3096 αἰθέρια
2373 3012 2544 3102 μήκη

394 3119 506 3182 καὶ
552 3115 669 3182 συν
716 3109 949 3192 αὐταῖς
996 3110 1366 3200 αὐτόμολος
1402 3111 1809 3202 Ἀφροδίτης
1866 3111 1906 3201 ἡ
1952 3118 2070 3201 τῆς
2113 3118 2284 3180 θεοῦ
2332 3109 2549 3180 ποὲλαι

397 3217 612 3305 φυγὰς
640 3217 909 3306 Δάφνη.
985 3223 1194 3284 παντί
1236 3242 1309 3304 γε
1343 3215 1476 3306 μὴν
1523 3217 1771 3303 δένδρῳ
1817 3216 2270 3304 περιπλέγδην
2314 3213 2350 3283 o‘
2389 3218 2548 3304 φίλ-

396 3346 564 3443 ερως
621 3320 1070 3407 προσείρπυζε
1125 3320 1366 3397 κιττός.
1450 3315 1871 3407 ἀμφιλαφεῖς
1929 3317 2226 3403 ἄμπελοι
2271 3332 2549 3394 πυκνοῖς

392 3423 797 3510 κατήρτηντο
861 3421 1209 3550 βότρυσιν
1275 3427 1694 3543 τερπνοτέρα
1759 3449 1883 3508 γαρ
1943 3415 2309 3510 Ἀφροδίτη
2376 3445 2545 3505 μετα

392 3525 727 3592 Διονύσου
772 3527 882 3591 καὶ
927 3523 1002 3591 τὸ
1036 3519 1204 3608 παρ’
1258 3519 1514 3613 αμφοῖν
1563 3525 1923 3610 σύγκρατον
1966 3521 2110 3622 ηδυ,
2159 3523 2219 3590 εἰ
2265 3523 2330 3589 δ’
2369 3517 2547 3589 ἆπο-

397 3630 730 3710 ζευχθεῖεν
777 3621 1097 3716 ἆλλήλων,
1144 3622 1341 3712 ἦττον
1390 3621 1882 3715 εὐφραίνουσιν.
1970 3623 2051 3713 ἠν
2098 3619 2161 3691 δ’
2214 3623 2346 3692 ὑπὸ
2395 3639 2547 3702 ταῖς
2598 3669 2601 3672 -

397 3726 561 3815 ὂῖγαν
604 3732 1028 3808 παλινσκίοις
1085 3722 1278 3805 ύλαις
1324 3731 1552 3814 ἱλαραὶ
1609 3730 1865 3795 κλισίαι
1918 3741 2062 3805 τοῖς
2107 3727 2546 3795 ἐνεστιᾶσθαι

393 3835 744 3912 θέλουσιν,
814 3831 910 3910 εἷς
966 3860 1009 3898 α
1066 3836 1200 3897 τῶν
1265 3833 1386 3916 μὲν
1444 3826 1732 3899 ἆστικῶν
1801 3837 2105 3907 σπανίως
2163 3828 2544 3918 ἐπεφοίτων

394 3939 598 4014 τινές,
660 3932 918 4018 ἀθρόος
979 3931 1045 3998 δ’
1095 3930 1128 4000 o‘
1177 3933 1527 4012 πολιτικὸς
1580 3929 1772 4016 ὄχλος
1818 3931 2289 4020 ἒπανηγύριζεν
2335 3928 2546 4012 ὅντως

293 4045 364 4101 13
401 4029 1010 4124 ἆφροδισιάζοντες.
1078 4042 1177 4104 13.
1210 4035 1359 4102 ἐπεὶ
1393 4029 1453 4101 δ’
1496 4036 1733 4112 ἱκανῶς
1763 4047 1905 4112 τοῖς
1936 4049 2175 4122 φυτοῖς
2208 4033 2544 4123 ἐτέρφθη·
2562 4046 2649 4098 411
