2750 4534
428 262 547 320 192

421 1171 470 1217 e.
505 1156 601 1212 27.

422 1276 470 1321 e.
501 1252 669 1316 28.‘'

422 1584 471 1625 e.
500 1568 599 1625 29.

1145 260 1528 315 ΑΒΝΟΤΑΤΙΟ
1563 261 1835 317 culTch.

641 442 943 513 μονίως
987 455 1145 497 eum
1190 436 1462 500 ἔοικεν
1521 441 1631 498 est
1658 438 2269 516 coniungendam
2324 438 2588 515 „mirum

638 543 987 617 quantum“.
1034 540 1241 601 Unde
1264 544 1510 618 patet,
1543 540 1934 601 abundare
1962 557 2281 618 prorsus
2314 529 2587 613 ὄντως

636 642 798 718 quod
840 643 983 703 mihi
1027 642 1266 719 quidem
1326 660 1402 703 ex
1453 643 1854 721 dittographia
1896 643 2130 704 videtur
2188 659 2325 703 esse
2371 645 2584 717 ortum,

635 744 920 805 videlieet
947 742 1026 808 ὄν
1058 762 1135 805 ex
1164 768 1245 807 εν
1278 749 1396 805 ext.
1428 745 1568 821 syll.
1592 746 1761 806 verbi
1789 746 2067 823 praeced.
2092 745 2321 821 ἔοικεν,
2350 766 2488 819 τως
2511 762 2588 803 ex

634 851 921 922 sequente
950 847 1188 922 syllaba
1217 854 1325 931 τῷ
1354 855 1492 912 κολ.
1536 881 1616 892 -
1649 844 1846 912 ἄλλο
1863 871 1903 911 ν
1932 852 2318 929 Παρμενίων
2341 842 2358 926 [ξ
2387 842 2440 911 Ἄ
2462 852 2501 908 λ
2521 847 2585 906 έ-

635 953 993 1031 ξανὸρον
1035 957 1110 1014 Π.
1161 948 1326 1011 det.
1371 982 1456 994 —
1501 945 1792 1026 ὅμοιος
1835 944 2586 1033 τρόποςθανᾰτου-

634 1042 946 1127 ἄλλος.
1059 1095 1073 1111 .
1120 1046 1677 1132 ὁμοιότροπος
1717 1048 2032 1129 θάνατος
2074 1052 2174 1111 Fr.
2207 1044 2400 1111 ΩΓΦ
2431 1051 2581 1127 Ups.

633 1153 994 1217 ἐννοεῖτε
1025 1149 1049 1235 ΙΙ
1082 1148 1608 1235 ἐπιτηδεύετε
1651 1148 1843 1215 ΩΓΦ
1872 1155 2016 1231 Ups.

635 1279 774 1336 ην.
858 1251 1355 1338 ,ἐργάζηται
1399 1252 1424 1338 ΙΙ
1469 1253 1902 1338 ἐργάσηται
1946 1251 2138 1316 ΩΓΦ
2167 1257 2316 1333 Ups.
2357 1290 2446 1299 —
2491 1252 2586 1331 ὡς

633 1355 719 1440 μὴ
763 1355 1163 1435 κωλεύοις
1207 1355 1337 1422 διὰ
1381 1355 1668 1441 θάτερον
1710 1367 1823 1441 τῆς
1853 1357 2054 1440 οὐρᾶς
2093 1360 2286 1440 μέρος
2317 1354 2340 1441 ΙΙ
2375 1354 2465 1434 ὡς
2493 1357 2582 1438 μὴ

635 1456 989 1525 κωλεύοι
1034 1478 1157 1525 σοι
1200 1455 1562 1542 θατερον
1593 1512 1606 1525 .
1643 1512 1656 1525 .
1692 1512 1706 1527 .
1754 1463 1948 1543 μέρος
1972 1461 2053 1539 (9)
2096 1462 2359 1538 Madvig.

633 1562 1287 1628 ἄναπεπέτασται
1331 1559 2010 1645 ΙΙᾶναπέκτασται
2057 1564 2204 1626 Oob.
2235 1560 2317 1628 Φ.
2353 1597 2437 1609 --
2469 1560 2582 1627 οὐ-

634 1672 760 1745 δεὶς
803 1663 1013 1743 ὅλως
1044 1664 1068 1747 ΙΙ
1101 1658 1346 1743 ἄλλος
1383 1661 1576 1727 ΩΓΦ
1598 1669 1851 1745 Ups.—
1877 1674 2021 1748 περὶ
2049 1663 2169 1731 τὸν
2201 1661 2582 1746 ἱππῶνα1

633 1774 886 1834 ἵππον
933 1769 1098 1831 det.
1130 1764 1321 1829 ΩΓΦ
1349 1770 1497 1847 Ups.
1585 1769 1827 1832 Stabulo
1869 1789 1989 1831 non
2031 1774 2197 1831 tanta
2241 1787 2382 1830 cura
2424 1786 2578 1845 opus

636 1876 728 1933 est
772 1875 993 1947 quanta
1037 1889 1207 1947 equo.
1252 1904 1336 1915 —
1398 1867 1540 1935 ἰδοὺ
1584 1868 1782 1935 πάλιν
1827 1868 2114 1953 ἐψόφηκέ
2155 1894 2280 1947 τις
2323 1867 2438 1933 ἐπ’
2469 1870 2577 1946 ἐμὲ

634 1970 873 2053 δηλαδή
906 1970 931 2056 ΙΙ
962 1973 1508 2051 Interpungendum
1535 1978 1673 2051 post
1699 1998 1811 2051 τις.
1847 2007 1930 2018 —-
1961 1982 2437 2056 πολιορκοῖμαι
2467 1980 2578 2036 καὶ

634 2070 1898 2160 ἐπιβουλεύομαιΗκαὶἐπιβουλ.]
1922 2071 2061 2136 ΩΦ
2082 2077 2574 2155 Ups.,(suprase.

632 2169 728 2255 Γ),
776 2193 890 2236 om.
921 2178 1268 2253 praesertim
1300 2195 1432 2237 eum
1465 2195 1616 2252 quae
1651 2181 1742 2237 est
1767 2193 1996 2238 summa
2023 2177 2274 2238 Simonis
2303 2180 2575 2238 anxietas

635 2297 707 2339 ae
742 2280 933 2358 timor,
980 2298 1097 2355 quo
1139 2280 1418 2340 breviora
1461 2285 1598 2340 sunt
1640 2282 1960 2359 enuntiata,
2003 2299 2076 2341 eo
2120 2283 2366 2358 aptiora.
2453 2280 2574 2339 Ae-

635 2381 791 2442 cedit
848 2383 1007 2457 quod
1060 2384 1177 2442 iam
1231 2400 1414 2459 supra
1456 2382 1602 2442 dixit
1659 2382 1888 2443 Simon:
1948 2388 2185 2447 πολλοὶ
2239 2388 2572 2460 φθονοῦσι

633 2489 740 2546 καὶ
785 2479 1427 2561 ἐπιβουλεύουσί
1467 2507 1593 2560 μοι.
1664 2485 1938 2561 Denique
1967 2503 2085 2545 non
2128 2486 2244 2545 iam
2289 2485 2362 2545 de
2409 2487 2574 2545 elan-

636 2585 879 2645 destinis
924 2585 1185 2646 eonsiliis
1232 2582 1816 2662 (ἐπιβουλεύουσιν)
1859 2585 1968 2647 sed
1999 2585 2073 2646 de
2105 2591 2312 2675 aperta
2339 2588 2402 2645 vi
2431 2587 2573 2661 (πο-

625 2690 1025 2763 ammomum)
1072 2689 1283 2764 agitur.

730 2789 1115 2850 Consentiunt
1140 2790 1269 2850 fere
1298 2783 1491 2850 ΩΓΦ
1524 2792 1793 2868 (antiqua
1828 2789 2078 2869 manus),
2122 2790 2290 2870 Ups„
2337 2792 2574 2852 aceedit

423 2892 671 2968 singulis
715 2892 864 2951 loeis
908 2893 1225 2952 auctoritas
1268 2893 1638 2953 Mutinensis.
1686 2891 1790 2967 (ef.
1834 2910 1974 2969 pag.
2008 2891 2174 2967 247).

1130 3261 1850 3333 IOAROMENIPPUS.

422 3468 567 3529 God.
613 3472 795 3530 Mare.
841 3473 1017 3547 (434)
1050 3465 1139 3532 Ω.
1212 3472 1347 3532 Vat.
1380 3472 1510 3547 (87)
1555 3469 1626 3533 ἔ.
1699 3471 1834 3532 vat.
1881 3471 2008 3549 (90)
2052 3466 2126 3532 Γ.
2213 3472 2347 3533 Vat.
2385 3476 2570 3535 1324.

420 3573 703 3633 Laurent.
730 3575 858 3648 (77)
880 3569 948 3634 Φ
983 3574 1225 3650 antiqua
1252 3590 1459 3633 manus
1489 3573 1697 3649 Upsal.
1721 3574 1937 3651 (Ups.).
1981 3573 2187 3634 Urbin.
2212 3574 2386 3648 (121)
2421 3576 2568 3636 Urb.

421 3712 474 3754 ο.
514 3698 567 3754 1.

636 3690 730 3757 ἂν
775 3689 959 3769 ὁδὸς
1004 3699 1111 3758 καὶ
1141 3700 1344 3758 ταῦτα
1374 3696 1701 3772 γένοιτο
1729 3744 1743 3757 .
1779 3744 1793 3757 .
1828 3744 1841 3757 .
1877 3701 2027 3769 μιᾶς
2055 3690 2289 3775 ἡμέρας
2321 3690 2345 3774 ΙΙ
2379 3690 2568 3759 ἄνο-

634 3800 743 3871 δος
775 3839 791 3856 .
822 3846 835 3860 .
870 3846 883 3861 .
920 3794 1142 3860 ταῦτ’
1172 3792 1261 3859 ἂν
1305 3797 1559 3875 γένοιτο
1591 3794 1732 3857 Ddf.
1762 3794 1929 3857 det.
1959 3798 2197 3873 (1324).
2229 3829 2312 3839 —-
2337 3793 2570 3877 ἡλίους

633 3903 739 3960 καὶ
785 3893 1124 3979 σελήνας
1177 3895 1201 3976 ΙΙ
1255 3905 1399 3961 σελ.
1449 3919 1678 3974 τινας
1723 3898 1801 3958 Κ.
1847 3897 2166 3960 Schwartz.
2224 3917 2337 3959 om.
2384 3924 2569 3976 τινας

630 4005 769 4077 post
811 3997 1155 4077 σταθμούς.
