2750 4534
473 237 512 294 4
1345 241 1755 304 [ΔΟΥΚΙΑΝΟΥ]

474 413 1001 495 παρῳκισμένον.
1101 406 1192 487 ὦς
1254 403 1317 475 δ’
1384 409 1563 500 ἐνῆν,
1631 409 1892 488 πάντας
1951 409 2350 497 ἐπιχωρίους
2414 414 2624 492 θεοὺς

473 511 939 600 προσκυνήσας
980 514 1092 579 καὶ
1121 518 1260 579 Δία
1293 513 1506 590 ξένιον
1536 514 1697 580 ἵλεω
1729 509 2267 602 συνεφάψασθαι
2296 520 2414 604 τῆς
2446 510 2715 583 ἀπο-404

477 613 689 700 δήμου
735 621 1087 698 στρατείας
1131 612 1695 699 ἐπικαλεσάμενος
1740 609 1869 682 ἀπ’
1908 612 2145 696 ἄστεος
2181 610 2385 705 όρικῴ
2416 618 2627 704 ζεύγει

471 716 741 803 κατῄειν
789 716 904 785 ἐπὶ
934 716 1318 784 θάλατταν·
1366 715 1513 786 εἶτα
1556 720 1712 796 τοὺς
1757 720 2344 802 παραπέμποντάς
2386 745 2470 804 με
2511 722 2627 788 δε-

478 818 888 903 ξιωσάμενος
929 855 1016 866 -
1057 813 1419 908 ἠκολούθει
1467 821 1537 888 δὲ
1582 821 1901 898 παιδείας
1946 821 2237 910 λιπαρὴς
2282 818 2505 905 ὄχλος,
2560 828 2629 890 οἳ

475 923 736 1003 συνεχὲς
793 918 949 1010 ἡμῖν
995 921 1490 1008 ἐντυγχάνοντες
1546 917 1836 1008 ἀνιαρῶς
1889 923 2331 1012 διεζεύγνυντο
2377 963 2461 974 --
2502 931 2629 1013 τῆς

477 1024 778 1113 πρύμνης
835 1023 1077 1109 ἐπιβὰς
1143 1023 1326 1111 ἐγγὺς
1386 1024 1669 1109 ἐμαυτὸν
1725 1026 1967 1112 ι’δρυσα
2027 1030 2148 1093 τοῦ
2178 1027 2622 1149 κυβερνήτου.

475 1129 586 1193 καὶ
634 1128 854 1212 ῥοθίῳ
911 1152 1006 1212 τῳ
1067 1130 1202 1193 τῶν
1247 1126 1586 1213 ἐλατήρων
1640 1125 1808 1211 μετὰ
1868 1127 2103 1212 μικρὸν
2162 1124 2298 1195 ἀπὸ
2346 1133 2463 1218 τῆς
2504 1135 2625 1216 γῆς

479 1222 912 1310 ἀναχθέντες,
973 1226 1206 1317 ἐπειδὴ
1264 1229 1446 1312 μάλα
1501 1233 1613 1296 καὶ
1658 1229 1943 1297 κατόπιν
2001 1227 2176 1314 ἡμᾶς
2224 1230 2623 1315 ἐποίμαινον

479 1357 707 1412 αυραι,
767 1331 880 1398 τὸν
930 1329 1116 1398 ἱστὸν
1182 1330 1251 1398 ἐκ
1293 1357 1428 1396 των
1482 1334 1892 1416 μεσοκοίλων
1952 1328 2230 1419 ἄραντες
2284 1341 2622 1421 καρχησίῳ

475 1431 551 1497 τὸ
598 1438 792 1516 κέρας
848 1436 1448 1517 προσεστείλαμεν·
1509 1428 1632 1501 εἶτ’
1686 1433 1950 1522 ἀθρόας
1999 1433 2168 1501 κατὰ
2228 1439 2360 1501 τῶν
2404 1435 2623 1500 κάλων

475 1535 597 1613 τὰς
627 1530 883 1614 ὀθόνας
929 1536 1262 1619 ἐκχέαντες
1303 1531 1519 1626 ἠρέμα
1563 1540 2043 1621 πιμπλαμένου
2087 1541 2208 1604 τοῦ
2238 1540 2420 1605 λίνου
2466 1533 2615 1604 κατ’

479 1631 670 1704 οὐδὲν
715 1635 907 1721 οἶμαι
948 1639 1184 1723 βέλους
1227 1636 1532 1706 ἐλάττονι
1576 1639 1774 1728 ῥοίζῳ
1822 1639 2247 1723 διιπτάμεθα
2288 1639 2459 1725 βαρὺ
2504 1645 2624 1706 τοῦ

476 1740 764 1824 κύματος
819 1738 1377 1827 ὖποβρυχωμένου
1436 1745 1593 1829 περὶ
1652 1740 1771 1829 τὴν
1817 1741 2165 1824 σχίζουσαν
2225 1736 2383 1809 αὐτὸ
2432 1746 2623 1828 πρῴ-

409 1849 441 1901 7
479 1869 618 1928 ραν.
710 1849 766 1908 7.
813 1836 962 1908 ἀλλ’
1015 1835 1058 1909 ἅ
1101 1868 1176 1928 γε
1215 1843 1346 1932 μὴν
1392 1843 1461 1910 ἐν
1504 1847 1599 1930 τῷ
1645 1843 1890 1928 μεταξὺ
1936 1844 2277 1930 παράπλῳ
2326 1845 2624 1931 σπουδῆς

475 1938 518 2034 ἢ
564 1946 847 2024 παιδιᾶς
893 1945 1169 2028 ἐχόμενα
1215 1951 1615 2034 συνηνέχθη,
1672 1944 1903 2031 καιρὸς
1949 1940 2024 2012 οὗ
2071 1946 2247 2012 πάνυ
2292 1945 2621 2033 μηκύνειν.
2736 2031 2738 2040 Ι

479 2046 569 2127 ὥς
600 2050 672 2116 δὲ
715 2053 834 2138 τῆς
863 2051 1179 2126 Κιλικίας
1221 2048 1340 2137 τὴν
1383 2049 1634 2136 ἔφαλον
1680 2043 2093 2134 ἀμείψαντες
2136 2049 2461 2132 εἰχόμεθα
2504 2053 2706 2115 τοῦ405

475 2156 886 2240 Παμφυλίου
931 2152 1205 2234 κόλπου,
1252 2152 1662 2230 Χελιδονέας
1704 2148 2153 2237 ὗπερθέοντες
2198 2146 2312 2218 οὐκ
2364 2145 2621 2235 ἀμοχθὶ

477 2253 631 2332 τοὺς
688 2247 974 2338 εὐτυχεῖς
1030 2258 1147 2344 τῆς
1204 2257 1508 2331 παλαιᾶς
1544 2250 1849 2332 Ἑλλάδος
1904 2245 2133 2339 ὅρους,
2194 2253 2431 2340 ἑκάστῃ
2490 2258 2624 2319 τῶν

477 2361 839 2424 Λυκιακῶν
898 2357 1162 2424 πόλεων
1220 2355 1720 2440 ἓπεξενούμεθα
1768 2356 2020 2440 μύθοις
2079 2355 2166 2423 τὰ
2211 2356 2431 2422 πολλὰ
2470 2364 2625 2439 χαί-

480 2479 735 2542 ροντες·
797 2453 987 2526 ούδὲν
1041 2458 1168 2578 γὰρ
1228 2459 1296 2526 έν
1345 2453 1579 2538 αὐταῖς
1614 2459 1850 2583 σαφὲς
1896 2453 2322 2541 εὐδαιμονίας
2380 2454 2627 2542 ὁρᾶται

481 2565 834 2648 λείψανον·
889 2588 1038 2649 αχρι
1083 2566 1199 2650 τῆς
1237 2558 1551 2639 Ἡλιάδος
1596 2558 1939 2648 ἁψάμενοι
1975 2557 2196 2628 Ῥόδου
2240 2560 2315 2628 τὸ
2366 2562 2628 2644 συνεχὲς

477 2667 596 2730 τοῦ
637 2661 934 2792 ε[μεταξὺ]
995 2666 1170 2730 πλοῦ
1227 2664 1689 2730 διαναπαῦσαι
1747 2660 1920 2751 πρὸς
1975 2657 2200 2748 ὀλίγον
2260 2661 2625 2747 ἐκρίναμεν.

411 2779 447 2834 8
485 2769 544 2832 8.
592 2768 655 2832 οι
686 2768 806 2849 μὲν
853 2792 967 2833 ουν
998 2766 1216 2851 ἐρέται
1261 2765 1335 2832 τὸ
1371 2766 1631 2854 σκάφος
1665 2765 1898 2843 ἕξαλον
1945 2764 2011 2843 ἐς
2038 2769 2156 2854 γῆν
2189 2758 2627 2831 ἀνασπάσαν-

477 2893 586 2945 τες
632 2867 815 2953 ἐγγυς
862 2866 1269 2954 ἐσκήνωσαν,
1330 2868 1456 2954 ἐγω
1506 2863 1569 2933 δ’
1623 2862 2139 2953 εύτρεπισμένου
2183 2893 2303 2950 μοι
2349 2867 2627 2945 ξενῶνος
2732 2867 2734 2904 ³

481 2964 848 3055 ἀπαντικρὺ
913 2974 1032 3036 τοῦ
1085 2976 1451 3038 Διονυσίου
1516 2969 1683 3036 κατὰ
1751 2970 1987 3057 σχολὴν
2053 2969 2360 3054 ἐβάδιζον
2416 2965 2625 3051 ὕπερ-

480 3077 690 3161 φυοῦς
735 3066 1173 3150 ἀπολαύσεως
1218 3072 1752 3157 ἐμπιπλάμενος·
1801 3073 1946 3140 ἔστι
1986 3070 2111 3157 γὰρ
2156 3066 2365 3148 ὅντως
2406 3067 2446 3157 ἡ
2492 3073 2624 3138 πό-

480 3177 583 3253 λις
619 3172 848 3243 Ἡλίου
893 3181 1155 3261 πρέπον
1201 3177 1441 3258 ἔχουσα
1484 3179 1581 3262 τῷ
1624 3179 1773 3262 θειῦ
1815 3173 1890 3241 τὸ
1936 3173 2194 3251 κάλλος.
2269 3173 2623 3260 ἐκπεριιών
2730 3221 2732 3238 2

481 3279 552 3344 δὲ
583 3277 703 3356 τὰς
738 3278 806 3344 ἐν
833 3304 927 3365 τῳ
960 3284 1302 3364 Διονυσίω
1349 3276 1554 3356 στοὰς
1584 3277 1862 3366 εκάστην
1906 3275 2168 3365 γραφὴν
2198 3276 2623 3343 κατώπτευον
2730 3273 2732 3286 '

481 3373 620 3464 άμα
671 3406 764 3466 τῳ
815 3385 1131 3467 τέρποντι
1188 3384 1305 3467 τῆς
1350 3376 1579 3465 οψεως
1621 3376 1944 3466 ἡρωικοὺς
1999 3379 2260 3462 μύθους
2306 3372 2621 3445 ἀνανεού-

477 3500 704 3566 μενος
763 3475 926 3548 εὐθὺ
979 3481 1105 3568 γάρ
1161 3507 1278 3565 μοι
1337 3476 1445 3548 δύ’
1512 3472 1554 3570 ἢ
1596 3495 1776 3564 τρεῖς
1833 3480 2339 3604 προσερρύησαν
2395 3475 2620 3566 όλίγου

482 3585 802 3672 διάφοροι
845 3587 1076 3650 πᾶσαν
1121 3585 1425 3670 ἱστορίαν
1470 3578 1955 3672 ἀφηγούμενοι·
1999 3582 2083 3647 τὰ
2132 3582 2203 3646 δὲ
2247 3581 2467 3647 πολλὰ
2512 3583 2707 3647 καὶωῦ

409 3696 448 3752 9
485 3682 685 3763 αὐτὸς
743 3685 1006 3774 εἰκασίᾳ
1057 3680 1594 3772 προύλάμβανον.
1682 3692 1741 3753 9.
1798 3679 1922 3773 ἤδη
1983 3684 2055 3750 δὲ
2097 3687 2215 3768 τῆς
2257 3687 2429 3761 θέας
2474 3675 2622 3760 άλις

481 3788 692 3870 ἔχοντι
746 3791 857 3855 καὶ
917 3789 1364 3874 διανοουμένῳ
1421 3814 1537 3871 μοι
1588 3787 1885 3871 βαδίζειν
1945 3785 2173 3852 οἴκαδε
2227 3784 2301 3853 τὸ
2350 3778 2620 3872 ἥδιστον

481 3889 595 3956 ἐπὶ
643 3889 827 3979 ξένης
872 3884 1213 3979 ἀπήντησέ
1261 3916 1380 3974 μοι
1422 3889 1677 3976 κέρδος,
1738 3884 1969 3972 ἅνδρες
2016 3887 2085 3954 ἐκ
2127 3889 2425 3954 παλαιοῦ
2464 3887 2618 3970 χρό-

481 4018 594 4060 νου
640 3993 986 4074 συνύθεις,
1034 3991 1148 4072 οὓς
1193 3985 1335 4059 οὔδ’
1390 3987 1588 4070 αύτὸς
1634 3986 1896 4078 ἀγνοεῖν
1939 4015 2060 4074 μοι
2101 3991 2318 4068 δοκεῖς
2363 3991 2620 4056 πολλά-
