2750 4534
379 1456 420 1512 3

365 3906 403 3960 4

463 259 500 315 2
1337 252 1749 322 [Aormfflor]

461 426 766 509 διάδοχοι
823 425 1061 513 ἔρωτες
1107 419 1412 516 ἀλλήλων
1468 429 1579 494 καὶ
1624 429 1787 513 πρὶν
1844 417 1885 516 ἢ
1931 426 2125 516 λῆξαι
2168 425 2325 505 τοὺς
2369 433 2618 511 προτέ-
2638 444 2713 493 399

462 554 649 614 ρους,
721 524 1038 612 ἄρχονται
1106 529 1433 617 δεύτεροι,
1502 523 1754 617 κάρηνα
1810 538 2120 616 Λερναῖα
2183 533 2302 617 τῆς
2359 532 2618 614 παλιμ-

463 635 676 718 φυοῦς
711 623 953 718 ’Υδρας
1012 630 1588 718 πολυπλοκώτερα
1631 625 1792 716 μηδ’
1836 627 2095 699 Ἰόλεων
2136 630 2464 719 βοηθόν’
2444 631 2618 714 έχειν

460 733 826 817 δυνάμενα·
887 735 1053 818 πυρὶ
1109 731 1233 822 χὰρ
1292 727 1368 800 οὗ
1415 739 1766 817 σβέννυται
1811 737 1967 819 πῦρ.
2028 726 2201 800 ου’τω
2259 757 2363 811 τις
2416 729 2618 819 ὖγρὸς

457 849 599 913 τοῖς
657 831 953 919 όμμασιν
1012 833 1254 902 ἐνοικεῖ
1306 834 1543 922 μύωψ,
1605 833 1679 914 ὃς
1726 829 1908 902 άπαν
1965 835 2205 914 κάλλος
2262 835 2359 914 εἰς
2412 832 2616 902 αὑτὸν

457 932 774 1020 ἁρπάζων
831 930 944 1003 ἐπ’
1000 930 1218 1004 οὐδενὶ
1262 937 1438 1024 κόρῳ
1484 937 1806 1004 παύεται·
1865 940 1976 1004 καὶ
2023 938 2284 1020 συνεχὲς
2329 931 2614 1020 ἀπορεῖν

456 1037 807 1124 ἐπέρχεταί
863 1064 1014 1122 μοι,
1083 1044 1187 1116 τίς
1247 1032 1440 1118 οὗτος
1488 1031 1895 1127 Ἀφροδίτης
1960 1035 1995 1106 ὃ
2050 1039 2278 1121 χόλος·
2349 1032 2425 1105 ού
2481 1038 2613 1124 γὰρ

448 1136 767 1228 Ἡλιάδης
813 1139 937 1226 ἐγώ
981 1166 1086 1219 τις
1131 1133 1282 1208 οὐδὲ
1325 1141 1747 1228 Λημνιάδων
1794 1134 2057 1228 [ὕβρεις]
2104 1135 2259 1208 οὐδὲ
2294 1136 2612 1208 Ἱππολύ-

451 1268 631 1309 τειον
678 1239 1019 1328 ἀγροικίαν
1074 1237 1549 1332 ὠφρυωμένος,
1610 1240 1702 1322 ὥς
1749 1245 2060 1331 ἐρεθίσαι
2114 1247 2232 1331 τῆς
2276 1247 2445 1309 θεοῦ
2488 1244 2613 1331 τὴν

455 1340 803 1411 ἄπαυστον
849 1345 1094 1434 ταύτην
1141 1340 1356 1434 ὀργήν.

629 1453 685 1513 3.
730 1453 954 1513 AYK.
1031 1452 1360 1514 Πέπαυσο
1427 1452 1545 1536 τῆς
1604 1446 2027 1516 ἐπιπλάστου
2084 1451 2194 1514 καὶ
2257 1448 2609 1531 δυσχεροῦς

454 1547 702 1636 ταύτης
743 1545 1181 1636 ὑποκρίσεως,
1234 1549 1637 1638 Θεόμνηστε.
1714 1545 1894 1636 ὄχθῃ
1938 1547 2064 1635 γάρ
2110 1541 2217 1616 ὅτι
2247 1548 2463 1635 τούτῳ
2508 1553 2607 1634 τῴ

446 1655 578 1737 βίῳ
624 1651 850 1740 ὴτύχη
899 1651 1411 1741 προσεκλήρωσέ
1457 1676 1551 1730 σε,
1596 1654 1706 1718 καὶ
1735 1651 2031 1735 χαλεπὸν
2079 1647 2251 1718 εἶναι
2297 1651 2604 1736 νομίζεις,

450 1752 511 1818 εἰ
555 1754 852 1838 γυναιξὶν
913 1750 1193 1838 ὥραίαις
1250 1758 1360 1821 καὶ
1406 1754 1572 1839 μετὰ
1622 1755 1887 1822 παίδων
1939 1753 2014 1821 τὸ
2063 1753 2266 1822 καλὸν
2314 1747 2606 1820 ἀνθούν-

449 1881 584 1919 των
631 1851 924 1939 ὄμιλεῖςς
982 1849 1152 1922 ἀλλά
1200 1880 1310 1924 σοι
1353 1859 1464 1923 καὶ
1509 1862 1905 1942 καθαρσίων
1948 1855 2118 1940 τάχα
2163 1855 2387 1942 δεήσει
2431 1854 2607 1939 πρὸς

446 1956 521 2023 τὸ
573 1956 878 2040 δυσχερὲς
936 1950 1108 2025 ούτω
1164 1953 1453 2048 νόσημα·
1517 1957 1735 2026 δεινὸν
1791 1958 1916 2045 γὰρ
1972 1959 2047 2026 τὸ
2098 1958 2349 2037 πάθος.
2442 1952 2595 2023 ἀλλ’
2620 1970 2698 2021 400
2741 1937 2742 1940 ¹

448 2052 592 2141 οὐχὶ
651 2063 885 2124 τοῦτον
945 2060 1062 2126 τὸν
1122 2059 1335 2126 πολὺν
1394 2061 1616 2143 ἐκχέας
1675 2063 1874 2149 λῆρον
1933 2059 2295 2143 εὐδαίμονα
2355 2059 2602 2125 σαυτὸν

448 2156 619 2226 εἶναι
682 2175 961 2244 νομιεῖς,
1030 2154 1137 2228 ότι
1199 2186 1307 2228 σοι
1375 2159 1411 2229 o‘
1468 2162 1637 2240 θεὸς
1706 2156 1821 2228 οὐκ
1881 2156 2217 2250 αὐχμηρὰν
2276 2167 2600 2248 γεωργίαν

447 2261 822 2328 ἐπέκλωσεν
868 2257 1020 2329 οὐδ’
1058 2262 1426 2347 ἐμπορικὰς
1458 2260 1624 2342 αλας
1666 2266 1775 2330 καὶ
1812 2265 2226 2350 στρατιώτην
2259 2263 2326 2329 ἐν
2358 2256 2601 2341 ὅπλοις

442 2373 627 2449 βίον,
692 2361 861 2432 ἀλλὰ
909 2369 1194 2451 λιπαραὶ
1239 2369 1657 2450 παλαῖστραι
1700 2368 1979 2449 μέλουσί
2031 2389 2140 2432 σοι
2184 2369 2295 2432 καὶ
2342 2365 2600 2453 φαιδρὰ

444 2469 564 2552 μὲν
612 2469 821 2554 ἐσθὴς
877 2474 1065 2553 μέχρι
1126 2469 1357 2536 ποδιῦν
1414 2467 1533 2557 τὴν
1578 2467 1833 2556 τρυφὴν
1879 2473 2282 2557 καθειμένη,
2346 2468 2601 2555 διακρι-

445 2571 561 2638 δὸν
624 2565 685 2637 6²
738 2567 1106 2659 ἠσκημένης
1163 2572 1368 2657 κόμης
1429 2571 1815 2654 ἐπιμέλεια,·
1872 2575 2004 2636 τῶν
2060 2595 2133 2656 γε
2176 2569 2305 2659 μὴν
2367 2570 2600 2654 ἐρωτι-

439 2678 575 2741 κιῦν
610 2675 853 2761 ἱμέρων
903 2673 1063 2761 [καὶ]
1114 2667 1271 2740 αὐτὸ
1321 2673 1396 2740 τὸ
1427 2674 1787 2758 βασανίζον
1834 2667 2178 2762 εὐφραίνει
2224 2676 2333 2740 καὶ
2364 2673 2601 2760 γλυκὺς

442 2770 640 2852 ὀδοὺς
698 2773 731 2842 0‘
780 2779 898 2841 τοῦ
959 2775 1189 2842 πόθου
1237 2775 1491 2842 δάκνει·
1550 2776 1883 2861 πειράσας
1941 2777 2062 2859 μὲν
2112 2774 2237 2863 γὰρ
2286 2774 2596 2855 ἐλπίζεις,

439 2878 650 2960 τυχών
698 2871 760 2943 δ’
801 2877 1294 2956 ἀπολέλαυκας·
1341 2877 1455 2965 ἰ’ση
1504 2878 1575 2944 δὲ
1612 2875 1815 2966 ἡδονὴ
1851 2882 1948 2964 τῴ
1978 2892 2299 2964 παρεῖναι
2341 2881 2453 2944 καὶ
2498 2881 2597 2962 τῷ

438 2982 724 3062 μέλλειν.
817 2979 1085 3064 ἔναγχος
1138 2983 1293 3064 γοῦν
1354 2980 1785 3068 διηγουμένου
1841 3003 1960 3046 σου
2016 2980 2132 3047 τὸν
2190 2977 2435 3056 πολύν,
2505 2975 2597 3056 ὥς

442 3080 598 3168 [καὶ]
645 3075 809 3165 παρ’
841 3078 1152 3167 Ἡσιόδῳ,
1197 3081 1564 3166 κατάλογον
1611 3075 1701 3147 ὧν
1735 3076 2025 3170 ἀρχῆθεν
2070 3075 2398 3168 ἠράσθης,
2447 3081 2594 3146 ἱλα-

439 3188 553 3269 ραὶ
611 3185 731 3267 μὲν
787 3187 920 3249 τιῦν
981 3178 1301 3267 ὀμμάτων
1369 3209 1439 3248 αι
1497 3185 1695 3268 βολαὶ
1753 3186 2041 3268 τακερῶς
2100 3176 2591 3267 ἀνυγραίνοντο,

2740 2047 2743 2233 ἰ

438 3286 557 3375 τὴν
604 3284 832 3373 φωνὴν
895 3279 959 3350 δ’
1015 3285 1164 3373 ἴσην
1223 3290 1306 3373 τῇ
1351 3285 1727 3370 Λυκάμβου
1775 3284 2061 3370 θυγατρὶ
2120 3283 2367 3350 λεπτὸν
2417 3279 2684 3372 ἀφη-401

439 3389 649 3454 δύνων
698 3383 823 3453 ἀπ’
870 3381 1072 3453 αὐτοῦ
1118 3392 1236 3454 τοῦ
1269 3388 1605 3472 σχήματος
1653 3381 1857 3465 ευθυς
1902 3387 2100 3472 δῆλος
2142 3410 2222 3474 τς
2269 3413 2383 3452 οικ
2427 3385 2593 3453 ἐκεί-

439 3517 568 3557 νων
598 3490 841 3575 μόνων,
891 3482 1062 3554 ἀλλὰ
1107 3493 1218 3557 καὶ
1265 3494 1383 3576 τῆς
1430 3483 1541 3555 ἐπ’
1598 3483 1823 3567 αἰτοῖς
1864 3489 2123 3578 μνήιιης
2170 3487 2355 3575 ἐρῶν.
2433 3482 2586 3554 ἀλλ’

436 3592 501 3658 εἴ
557 3599 626 3658 τί
685 3615 794 3657 σοι
848 3594 968 3656 τοῦ
1025 3590 1196 3657 κατὰ
1254 3592 1371 3680 τὴν
1408 3586 1816 3679 Ἀφροδίτην
1873 3592 2208 3676 περίπλου
2270 3592 2593 3674 λείψανον

435 3689 739 3782 ἀφεῖται,
798 3693 1004 3780 μηδὲν
1068 3687 1463 3782 ἀποκρύψῃ,
1531 3697 1626 3780 τῷ
1683 3693 1755 3759 δὲ
1795 3689 2110 3780 Ἡρακλεῖ
2162 3691 2280 3778 τὴν
2338 3697 2591 3758 θυσίαν

436 3797 660 3881 ἐντελῆ
704 3795 1076 3879 παράσχου.

611 3906 669 3963 4.
724 3901 1076 3964 ΘΕΟΜΝ.
1169 3898 1525 3986 Βουφάγος
1581 3899 1702 3981 μὲν
1761 3894 1794 3964 ὅ
1858 3898 2146 3980 δαίμων,
2206 3882 2259 3961 αἶ
2317 3905 2591 3977 Λυκῖνε,

434 4004 544 4067 καὶ
608 3990 1165 4079 ταῖςάκάπνοις,
1230 4008 1432 4088 φασί,
1489 4005 1622 4066 τῶν
1665 4003 1930 4096 θυσιῶν
1975 3992 2213 4088 ἥκιστα
2259 4000 2588 4086 τερπόμε-

2735 3881 2736 3908 1

2734 3917 2736 3940 A
