<?xml version="1.0" encoding="UTF-8"?>
<!DOCTYPE html PUBLIC "-//W3C//DTD XHTML 1.0 Transitional//EN"
    "http://www.w3.org/TR/xhtml1/DTD/xhtml1-transitional.dtd">
<html xmlns="http://www.w3.org/1999/xhtml" xml:lang="en" lang="en">
 <head>
  <title>
</title>
<meta http-equiv="Content-Type" content="text/html;charset=utf-8" />
  <meta name='ocr-system' content='tesseract 3.04.00' />
  <meta name='ocr-capabilities' content='ocr_page ocr_carea ocr_par ocr_line ocrx_word'/>
</head>
<body>
  <div class='ocr_page' id='page_1' title='image "./lucianus01sommgoog/lucianus01sommgoog_0073.png"; bbox 0 0 2750 4534; ppageno 0'>
   <div class='ocr_carea' id='block_1_1' title="bbox 929 273 2303 336">
    <p class='ocr_par' dir='ltr' id='par_1_1' title="bbox 929 273 2303 336">
     <span class='ocr_line' id='line_1_1' title="bbox 929 273 2303 336; baseline 0 -10"><span class='ocrx_word' id='word_1_1' title='bbox 929 273 1210 326; x_wconf 80' lang='grc' dir='ltr'><strong>ΤΟΞΑΡΙΣ</strong></span> <span class='ocrx_word' id='word_1_2' title='bbox 1245 274 1287 325; x_wconf 88' lang='lat' dir='ltr'>H</span> <span class='ocrx_word' id='word_1_3' title='bbox 1321 274 1523 327; x_wconf 73' lang='grc' dir='ltr'><strong>ΦΙΔΙΑ.</strong></span> <span class='ocrx_word' id='word_1_4' title='bbox 2224 280 2303 336; x_wconf 81' lang='lat'><strong><em>57</em></strong></span> 
     </span>
    </p>
   </div>
   <div class='ocr_carea' id='block_1_2' title="bbox 37 436 2379 3581">
    <p class='ocr_par' dir='ltr' id='par_1_2' title="bbox 138 436 2308 1026">
     <span class='ocr_line' id='line_1_2' title="bbox 141 436 2307 532; baseline 0.005 -28"><span class='ocrx_word' id='word_1_5' title='bbox 141 439 580 506; x_wconf 88' lang='grc' dir='ltr'><strong><em>σπούδαστον</em></strong></span> <span class='ocrx_word' id='word_1_6' title='bbox 638 436 813 507; x_wconf 88' lang='grc' dir='ltr'><strong><em>εἶναι</em></strong></span> <span class='ocrx_word' id='word_1_7' title='bbox 869 442 1106 528; x_wconf 82' lang='grc' dir='ltr'><strong><em>φιλίαν</em></strong></span> <span class='ocrx_word' id='word_1_8' title='bbox 1163 441 1231 509; x_wconf 82' lang='grc' dir='ltr'><strong><em>ἐν</em></strong></span> <span class='ocrx_word' id='word_1_9' title='bbox 1288 442 1621 520; x_wconf 81' lang='grc' dir='ltr'><strong><em>Σκύθαις·</em></strong></span> <span class='ocrx_word' id='word_1_10' title='bbox 1680 436 1799 510; x_wconf 72' lang='grc' dir='ltr'><strong><em>ὅτε</em></strong></span> <span class='ocrx_word' id='word_1_11' title='bbox 1854 445 1979 532; x_wconf 87' lang='grc' dir='ltr'><strong><em>γὰρ</em></strong></span> <span class='ocrx_word' id='word_1_12' title='bbox 2036 442 2307 526; x_wconf 75' lang='grc' dir='ltr'><strong><em>ἀξένους</em></strong></span> 
     </span>
     <span class='ocr_line' id='line_1_3' title="bbox 138 535 2303 632; baseline 0.005 -25"><span class='ocrx_word' id='word_1_13' title='bbox 138 544 259 608; x_wconf 86' lang='grc' dir='ltr'><strong><em>καὶ</em></strong></span> <span class='ocrx_word' id='word_1_14' title='bbox 323 535 593 628; x_wconf 76' lang='grc' dir='ltr'><em>ἀγρίους</em></span> <span class='ocrx_word' id='word_1_15' title='bbox 649 538 849 620; x_wconf 68' lang='grc' dir='ltr'><strong><em>ὄντας</em></strong></span> <span class='ocrx_word' id='word_1_16' title='bbox 907 537 1148 622; x_wconf 78' lang='grc' dir='ltr'><strong><em>αὐτοὺς</em></strong></span> <span class='ocrx_word' id='word_1_17' title='bbox 1211 543 1426 632; x_wconf 68' lang='grc' dir='ltr'><strong><em>ἔχθρᾳ</em></strong></span> <span class='ocrx_word' id='word_1_18' title='bbox 1489 546 1609 628; x_wconf 81' lang='grc' dir='ltr'><strong><em>μὲν</em></strong></span> <span class='ocrx_word' id='word_1_19' title='bbox 1669 539 1775 613; x_wconf 85' lang='grc' dir='ltr'><strong><em>ἀεὶ</em></strong></span> <span class='ocrx_word' id='word_1_20' title='bbox 1835 562 2130 617; x_wconf 86' lang='grc' dir='ltr'><strong><em>συνεῖναι</em></strong></span> <span class='ocrx_word' id='word_1_21' title='bbox 2193 554 2303 617; x_wconf 82' lang='grc' dir='ltr'><strong><em>καὶ</em></strong></span> 
     </span>
     <span class='ocr_line' id='line_1_4' title="bbox 141 636 2308 732; baseline 0.005 -24"><span class='ocrx_word' id='word_1_22' title='bbox 141 636 316 731; x_wconf 79' lang='grc' dir='ltr'><strong><em>ἀργῇ</em></strong></span> <span class='ocrx_word' id='word_1_23' title='bbox 359 646 472 710; x_wconf 85' lang='grc' dir='ltr'><strong><em>καὶ</em></strong></span> <span class='ocrx_word' id='word_1_24' title='bbox 513 647 750 730; x_wconf 76' lang='grc' dir='ltr'><strong><em>θυμῷ,</em></strong></span> <span class='ocrx_word' id='word_1_25' title='bbox 809 645 1046 732; x_wconf 80' lang='grc' dir='ltr'><strong><em>φιλίαν</em></strong></span> <span class='ocrx_word' id='word_1_26' title='bbox 1098 645 1172 712; x_wconf 80' lang='grc' dir='ltr'><strong><em>δὲ</em></strong></span> <span class='ocrx_word' id='word_1_27' title='bbox 1228 646 1397 732; x_wconf 79' lang='grc' dir='ltr'><strong><em>μηδὲ</em></strong></span> <span class='ocrx_word' id='word_1_28' title='bbox 1440 645 1615 731; x_wconf 83' lang='grc' dir='ltr'><strong><em>πρὸς</em></strong></span> <span class='ocrx_word' id='word_1_29' title='bbox 1655 647 1813 726; x_wconf 81' lang='grc' dir='ltr'><strong><em>τοὺς</em></strong></span> <span class='ocrx_word' id='word_1_30' title='bbox 1858 648 2308 729; x_wconf 81' lang='grc' dir='ltr'><strong><em>οἰκειοτάτους</em></strong></span> 
     </span>
     <span class='ocr_line' id='line_1_5' title="bbox 143 742 2307 838; baseline 0.005 -28"><span class='ocrx_word' id='word_1_31' title='bbox 143 742 701 830; x_wconf 74' lang='grc' dir='ltr'><strong><em>ἐπαναιρεῖσθαι,</em></strong></span> <span class='ocrx_word' id='word_1_32' title='bbox 755 746 1274 832; x_wconf 75' lang='grc' dir='ltr'><strong><em>τεκμαιρόμενος</em></strong></span> <span class='ocrx_word' id='word_1_33' title='bbox 1315 761 1461 825; x_wconf 89' lang='grc' dir='ltr'><strong><em>τοῖς</em></strong></span> <span class='ocrx_word' id='word_1_34' title='bbox 1502 773 1577 815; x_wconf 89' lang='grc' dir='ltr'><strong><em>τε</em></strong></span> <span class='ocrx_word' id='word_1_35' title='bbox 1621 743 1852 827; x_wconf 68' lang='grc' dir='ltr'><strong><em>ἄλλοις</em></strong></span> <span class='ocrx_word' id='word_1_36' title='bbox 1895 749 1940 819; x_wconf 80' lang='grc' dir='ltr'><em>ἃ</em></span> <span class='ocrx_word' id='word_1_37' title='bbox 1982 755 2139 838; x_wconf 81' lang='grc' dir='ltr'><strong><em>περὶ</em></strong></span> <span class='ocrx_word' id='word_1_38' title='bbox 2189 749 2307 820; x_wconf 82' lang='grc' dir='ltr'><strong><em>αὗ·-</em></strong></span> 
     </span>
     <span class='ocr_line' id='line_1_6' title="bbox 140 840 2306 936; baseline 0.006 -26"><span class='ocrx_word' id='word_1_39' title='bbox 140 849 285 912; x_wconf 82' lang='grc' dir='ltr'><strong><em>τιῦν</em></strong></span> <span class='ocrx_word' id='word_1_40' title='bbox 343 841 700 930; x_wconf 90' lang='grc' dir='ltr'><strong><em>ἀκούομεν,</em></strong></span> <span class='ocrx_word' id='word_1_41' title='bbox 758 851 872 915; x_wconf 87' lang='grc' dir='ltr'><strong><em>καὶ</em></strong></span> <span class='ocrx_word' id='word_1_42' title='bbox 927 840 1036 914; x_wconf 75' lang='grc' dir='ltr'><strong><em>ὅτι</em></strong></span> <span class='ocrx_word' id='word_1_43' title='bbox 1085 853 1529 916; x_wconf 75' lang='grc' dir='ltr'><strong><em>κατεσθίουσι</em></strong></span> <span class='ocrx_word' id='word_1_44' title='bbox 1585 848 1743 927; x_wconf 73' lang='grc' dir='ltr'><strong><em>τούς</em></strong></span> <span class='ocrx_word' id='word_1_45' title='bbox 1784 858 2084 936; x_wconf 80' lang='grc' dir='ltr'><strong><em>πατέρας</em></strong></span> <span class='ocrx_word' id='word_1_46' title='bbox 2130 848 2306 922; x_wconf 89' lang='grc' dir='ltr'><strong><em>ἀπο-</em></strong></span> 
     </span>
     <span class='ocr_line' id='line_1_7' title="bbox 142 946 511 1026; baseline 0.005 -14"><span class='ocrx_word' id='word_1_47' title='bbox 142 946 511 1026; x_wconf 86' lang='grc' dir='ltr'><strong><em>θανόντας.</em></strong></span> 
     </span>
    </p>

    <p class='ocr_par' dir='ltr' id='par_1_3' title="bbox 146 1047 2379 1754">
     <span class='ocr_line' id='line_1_8' title="bbox 322 1047 2379 1141; baseline 0.004 -24"><span class='ocrx_word' id='word_1_48' title='bbox 322 1057 383 1117; x_wconf 88' lang='grc'><strong><em>9.</em></strong></span> <span class='ocrx_word' id='word_1_49' title='bbox 436 1054 639 1124; x_wconf 84' lang='grc' dir='ltr'><strong><em>ΤΟΞ.</em></strong></span> <span class='ocrx_word' id='word_1_50' title='bbox 709 1051 792 1118; x_wconf 83' lang='grc' dir='ltr'><strong><em>Εἰ</em></strong></span> <span class='ocrx_word' id='word_1_51' title='bbox 821 1051 942 1135; x_wconf 82' lang='grc' dir='ltr'><strong><em>μὲν</em></strong></span> <span class='ocrx_word' id='word_1_52' title='bbox 970 1055 1082 1120; x_wconf 86' lang='grc' dir='ltr'><strong><em>καὶ</em></strong></span> <span class='ocrx_word' id='word_1_53' title='bbox 1113 1049 1197 1118; x_wconf 83' lang='grc' dir='ltr'><strong><em>τὰ</em></strong></span> <span class='ocrx_word' id='word_1_54' title='bbox 1245 1047 1416 1117; x_wconf 73' lang='grc' dir='ltr'><strong><em>ἀλλα</em></strong></span> <span class='ocrx_word' id='word_1_55' title='bbox 1445 1049 1638 1141; x_wconf 77' lang='grc' dir='ltr'><strong><em>ἡμεῖς</em></strong></span> <span class='ocrx_word' id='word_1_56' title='bbox 1670 1058 1803 1119; x_wconf 78' lang='grc' dir='ltr'><strong><em>τῶν</em></strong></span> <span class='ocrx_word' id='word_1_57' title='bbox 1841 1051 2162 1141; x_wconf 87' lang='grc' dir='ltr'><strong><em>Ἑλλήνων</em></strong></span> <span class='ocrx_word' id='word_1_58' title='bbox 2192 1063 2302 1126; x_wconf 87' lang='grc' dir='ltr'><strong><em>καὶ</em></strong></span> <span class='ocrx_word' id='word_1_59' title='bbox 2338 1071 2379 1125; x_wconf 82' lang='grc'>9</span> 
     </span>
     <span class='ocr_line' id='line_1_9' title="bbox 146 1150 2306 1243; baseline 0.004 -26"><span class='ocrx_word' id='word_1_60' title='bbox 146 1152 565 1236; x_wconf 89' lang='grc' dir='ltr'><strong><em>δικαιότεροι</em></strong></span> <span class='ocrx_word' id='word_1_61' title='bbox 619 1151 703 1218; x_wconf 81' lang='grc' dir='ltr'><strong><em>τὰ</em></strong></span> <span class='ocrx_word' id='word_1_62' title='bbox 762 1150 938 1236; x_wconf 85' lang='grc' dir='ltr'><strong><em>πρὸς</em></strong></span> <span class='ocrx_word' id='word_1_63' title='bbox 993 1153 1150 1229; x_wconf 84' lang='grc' dir='ltr'><strong><em>τούς</em></strong></span> <span class='ocrx_word' id='word_1_64' title='bbox 1204 1157 1437 1237; x_wconf 80' lang='grc' dir='ltr'><strong><em>γονέας</em></strong></span> <span class='ocrx_word' id='word_1_65' title='bbox 1489 1157 1606 1220; x_wconf 58' lang='grc' dir='ltr'><strong><em>’καὶ</em></strong></span> <span class='ocrx_word' id='word_1_66' title='bbox 1671 1151 2023 1241; x_wconf 78' lang='grc' dir='ltr'><strong><em>ὁσιώτεροι</em></strong></span> <span class='ocrx_word' id='word_1_67' title='bbox 2092 1158 2306 1243; x_wconf 84' lang='grc' dir='ltr'><strong><em>ἐσμέν,</em></strong></span> 
     </span>
     <span class='ocr_line' id='line_1_10' title="bbox 147 1253 2309 1344; baseline 0.005 -26"><span class='ocrx_word' id='word_1_68' title='bbox 147 1279 269 1321; x_wconf 91' lang='grc' dir='ltr'><strong><em>ουκ</em></strong></span> <span class='ocrx_word' id='word_1_69' title='bbox 317 1281 401 1319; x_wconf 89' lang='grc' dir='ltr'><strong><em>αν</em></strong></span> <span class='ocrx_word' id='word_1_70' title='bbox 446 1253 516 1320; x_wconf 91' lang='grc' dir='ltr'><strong><em>ἐν</em></strong></span> <span class='ocrx_word' id='word_1_71' title='bbox 557 1257 658 1340; x_wconf 73' lang='grc' dir='ltr'><strong><em>τῷ</em></strong></span> <span class='ocrx_word' id='word_1_72' title='bbox 700 1254 992 1338; x_wconf 79' lang='grc' dir='ltr'><strong><em>παρόντι</em></strong></span> <span class='ocrx_word' id='word_1_73' title='bbox 1027 1256 1556 1344; x_wconf 84' lang='grc' dir='ltr'><strong><em>φιλοτιμηθείην</em></strong></span> <span class='ocrx_word' id='word_1_74' title='bbox 1601 1256 1776 1342; x_wconf 87' lang='grc' dir='ltr'><strong><em>πρὸς</em></strong></span> <span class='ocrx_word' id='word_1_75' title='bbox 1819 1263 1924 1324; x_wconf 90' lang='grc' dir='ltr'><strong><em>σέ·</em></strong></span> <span class='ocrx_word' id='word_1_76' title='bbox 1972 1253 2079 1326; x_wconf 89' lang='grc' dir='ltr'><strong><em>ότι</em></strong></span> <span class='ocrx_word' id='word_1_77' title='bbox 2125 1261 2198 1328; x_wconf 82' lang='grc' dir='ltr'><strong><em>δὲ</em></strong></span> <span class='ocrx_word' id='word_1_78' title='bbox 2244 1264 2309 1328; x_wconf 82' lang='grc' dir='ltr'><strong><em>οἱ</em></strong></span> 
     </span>
     <span class='ocr_line' id='line_1_11' title="bbox 148 1337 2310 1448; baseline 0.003 -25"><span class='ocrx_word' id='word_1_79' title='bbox 148 1358 353 1444; x_wconf 90' lang='grc' dir='ltr'><strong><em>φίλοι</em></strong></span> <span class='ocrx_word' id='word_1_80' title='bbox 396 1337 660 1422; x_wconf 80' lang='grc' dir='ltr'><strong><em>Σκύθαι</em></strong></span> <span class='ocrx_word' id='word_1_81' title='bbox 705 1355 878 1422; x_wconf 89' lang='grc' dir='ltr'><strong><em>πολυ</em></strong></span> <span class='ocrx_word' id='word_1_82' title='bbox 925 1356 1320 1439; x_wconf 88' lang='grc' dir='ltr'><strong><em>πιστότεροι</em></strong></span> <span class='ocrx_word' id='word_1_83' title='bbox 1375 1361 1510 1424; x_wconf 81' lang='grc' dir='ltr'><strong><em>τῶν</em></strong></span> <span class='ocrx_word' id='word_1_84' title='bbox 1548 1355 1868 1444; x_wconf 84' lang='grc' dir='ltr'><strong><em>Ἑλλήνων</em></strong></span> <span class='ocrx_word' id='word_1_85' title='bbox 1914 1364 2134 1448; x_wconf 90' lang='grc' dir='ltr'><strong><em>φίλων</em></strong></span> <span class='ocrx_word' id='word_1_86' title='bbox 2179 1363 2310 1430; x_wconf 84' lang='grc' dir='ltr'><strong><em>εἰσὶ</em></strong></span> 
     </span>
     <span class='ocr_line' id='line_1_12' title="bbox 146 1451 2310 1553; baseline 0.003 -30"><span class='ocrx_word' id='word_1_87' title='bbox 146 1461 265 1525; x_wconf 89' lang='grc' dir='ltr'><strong><em>καὶ</em></strong></span> <span class='ocrx_word' id='word_1_88' title='bbox 309 1451 419 1524; x_wconf 90' lang='grc' dir='ltr'><strong><em>ότι</em></strong></span> <span class='ocrx_word' id='word_1_89' title='bbox 450 1459 704 1524; x_wconf 85' lang='grc' dir='ltr'><strong><em>πλείων</em></strong></span> <span class='ocrx_word' id='word_1_90' title='bbox 750 1459 986 1545; x_wconf 88' lang='grc' dir='ltr'><strong><em>φιλίας</em></strong></span> <span class='ocrx_word' id='word_1_91' title='bbox 1016 1457 1212 1544; x_wconf 80' lang='grc' dir='ltr'><strong><em>λόγος</em></strong></span> <span class='ocrx_word' id='word_1_92' title='bbox 1255 1454 1426 1544; x_wconf 75' lang='grc' dir='ltr'><strong><em>παρ’</em></strong></span> <span class='ocrx_word' id='word_1_93' title='bbox 1476 1456 1637 1545; x_wconf 80' lang='grc' dir='ltr'><strong><em>ἡμῖν</em></strong></span> <span class='ocrx_word' id='word_1_94' title='bbox 1678 1451 1721 1545; x_wconf 77' lang='grc' dir='ltr'><em>ἢ</em></span> <span class='ocrx_word' id='word_1_95' title='bbox 1750 1456 1918 1545; x_wconf 75' lang='grc' dir='ltr'><strong><em>παρ’</em></strong></span> <span class='ocrx_word' id='word_1_96' title='bbox 1970 1468 2145 1546; x_wconf 77' lang='grc' dir='ltr'><strong><em>ὑμῖν,</em></strong></span> <span class='ocrx_word' id='word_1_97' title='bbox 2194 1465 2310 1553; x_wconf 82' lang='grc' dir='ltr'><strong><em>ρᾴ-</em></strong></span> 
     </span>
     <span class='ocr_line' id='line_1_13' title="bbox 150 1557 2313 1685; baseline 0.003 -60"><span class='ocrx_word' id='word_1_98' title='bbox 150 1563 300 1626; x_wconf 88' lang='grc' dir='ltr'><strong><em>διον</em></strong></span> <span class='ocrx_word' id='word_1_99' title='bbox 361 1557 728 1638; x_wconf 86' lang='grc' dir='ltr'><strong><em>ἐπιδεῖξαι·</em></strong></span> <span class='ocrx_word' id='word_1_100' title='bbox 787 1562 900 1626; x_wconf 87' lang='grc' dir='ltr'><strong><em>καὶ</em></strong></span> <span class='ocrx_word' id='word_1_101' title='bbox 958 1559 1133 1646; x_wconf 84' lang='grc' dir='ltr'><strong><em>πρὸς</em></strong></span> <span class='ocrx_word' id='word_1_102' title='bbox 1189 1565 1372 1627; x_wconf 83' lang='grc' dir='ltr'><strong><em>θεῶν</em></strong></span> <span class='ocrx_word' id='word_1_103' title='bbox 1427 1565 1562 1628; x_wconf 80' lang='grc' dir='ltr'><strong><em>τῶν</em></strong></span> <span class='ocrx_word' id='word_1_104' title='bbox 1611 1558 1932 1651; x_wconf 87' lang='grc' dir='ltr'><strong><em>Ἑλλήνων</em></strong></span> <span class='ocrx_word' id='word_1_105' title='bbox 1989 1564 2079 1652; x_wconf 87' lang='grc' dir='ltr'><strong><em>μὴ</em></strong></span> <span class='ocrx_word' id='word_1_106' title='bbox 2137 1566 2313 1685; x_wconf 83' lang='grc' dir='ltr'><strong><em>πρὸς</em></strong></span> 
     </span>
     <span class='ocr_line' id='line_1_14' title="bbox 151 1653 2313 1786; baseline 0.004 -60"><span class='ocrx_word' id='word_1_107' title='bbox 151 1657 502 1756; x_wconf 77' lang='grc' dir='ltr'><strong><em>ἀχθηδόνα</em></strong></span> <span class='ocrx_word' id='word_1_108' title='bbox 566 1686 696 1745; x_wconf 91' lang='grc' dir='ltr'><strong><em>μου</em></strong></span> <span class='ocrx_word' id='word_1_109' title='bbox 767 1654 1082 1749; x_wconf 87' lang='grc' dir='ltr'><strong><em>ἀκούσῃς,</em></strong></span> <span class='ocrx_word' id='word_1_110' title='bbox 1158 1653 1238 1751; x_wconf 81' lang='grc' dir='ltr'><strong><em>ἢν</em></strong></span> <span class='ocrx_word' id='word_1_111' title='bbox 1313 1663 1491 1728; x_wconf 81' lang='grc' dir='ltr'><strong><em>ε’ίπω</em></strong></span> <span class='ocrx_word' id='word_1_112' title='bbox 1560 1689 1628 1730; x_wconf 92' lang='grc' dir='ltr'><strong><em>τι</em></strong></span> <span class='ocrx_word' id='word_1_113' title='bbox 1703 1690 1795 1730; x_wconf 88' lang='grc' dir='ltr'><strong><em>ων</em></strong></span> <span class='ocrx_word' id='word_1_114' title='bbox 1865 1668 2313 1786; x_wconf 85' lang='grc' dir='ltr'><strong><em>κατανενόηκα</em></strong></span> 
     </span>
    </p>

    <p class='ocr_par' dir='ltr' id='par_1_4' title="bbox 37 1753 2343 3581">
     <span class='ocr_line' id='line_1_15' title="bbox 37 1753 2309 1852; baseline 0.003 -25"><span class='ocrx_word' id='word_1_115' title='bbox 37 1767 127 1815; x_wconf 77' lang='lat'><strong><em>516</em></strong></span> <span class='ocrx_word' id='word_1_116' title='bbox 151 1753 372 1828; x_wconf 88' lang='grc' dir='ltr'><strong><em>πολυν</em></strong></span> <span class='ocrx_word' id='word_1_117' title='bbox 414 1757 538 1848; x_wconf 81' lang='grc' dir='ltr'><strong><em>ἤδη</em></strong></span> <span class='ocrx_word' id='word_1_118' title='bbox 577 1761 818 1844; x_wconf 90' lang='grc' dir='ltr'><strong><em>χρόνον</em></strong></span> <span class='ocrx_word' id='word_1_119' title='bbox 862 1759 1017 1845; x_wconf 73' lang='grc' dir='ltr'><strong><em>ὑμῖν</em></strong></span> <span class='ocrx_word' id='word_1_120' title='bbox 1061 1763 1553 1848; x_wconf 78' lang='grc' dir='ltr'><strong><em>συγγενόμενος.</em></strong></span> <span class='ocrx_word' id='word_1_121' title='bbox 1628 1761 1819 1849; x_wconf 77' lang='grc' dir='ltr'><strong><em>ὑμεῖς</em></strong></span> <span class='ocrx_word' id='word_1_122' title='bbox 1861 1766 1987 1852; x_wconf 88' lang='grc' dir='ltr'><strong><em>γάρ</em></strong></span> <span class='ocrx_word' id='word_1_123' title='bbox 2032 1792 2153 1850; x_wconf 90' lang='grc' dir='ltr'><strong><em>μοι</em></strong></span> <span class='ocrx_word' id='word_1_124' title='bbox 2198 1769 2309 1834; x_wconf 87' lang='grc' dir='ltr'><strong><em>δο-</em></strong></span> 
     </span>
     <span class='ocr_line' id='line_1_16' title="bbox 145 1861 2313 1952; baseline 0.003 -22.006"><span class='ocrx_word' id='word_1_125' title='bbox 145 1877 325 1931; x_wconf 86' lang='grc' dir='ltr'><strong><em>κεῖτε</em></strong></span> <span class='ocrx_word' id='word_1_126' title='bbox 369 1889 526 1942; x_wconf 89' lang='grc' dir='ltr'><strong><em>τους</em></strong></span> <span class='ocrx_word' id='word_1_127' title='bbox 567 1865 689 1948; x_wconf 85' lang='grc' dir='ltr'><strong><em>μὲν</em></strong></span> <span class='ocrx_word' id='word_1_128' title='bbox 741 1867 900 1950; x_wconf 91' lang='grc' dir='ltr'><strong><em>περὶ</em></strong></span> <span class='ocrx_word' id='word_1_129' title='bbox 947 1867 1182 1952; x_wconf 89' lang='grc' dir='ltr'><strong><em>φιλίας</em></strong></span> <span class='ocrx_word' id='word_1_130' title='bbox 1227 1866 1460 1951; x_wconf 88' lang='grc' dir='ltr'><strong><em>λόγους</em></strong></span> <span class='ocrx_word' id='word_1_131' title='bbox 1506 1863 1779 1950; x_wconf 67' lang='grc' dir='ltr'><strong><em>ἄμεινον</em></strong></span> <span class='ocrx_word' id='word_1_132' title='bbox 1826 1865 2045 1935; x_wconf 88' lang='grc' dir='ltr'><strong><em>άλλων</em></strong></span> <span class='ocrx_word' id='word_1_133' title='bbox 2090 1861 2173 1936; x_wconf 80' lang='grc' dir='ltr'><strong><em>ἂν</em></strong></span> <span class='ocrx_word' id='word_1_134' title='bbox 2219 1870 2313 1936; x_wconf 83' lang='grc' dir='ltr'><strong><em>εἰ-</em></strong></span> 
     </span>
     <span class='ocr_line' id='line_1_17' title="bbox 152 1960 2315 2055; baseline 0.002 -23"><span class='ocrx_word' id='word_1_135' title='bbox 152 1979 311 2032; x_wconf 83' lang='grc' dir='ltr'><strong><em>πεῖν</em></strong></span> <span class='ocrx_word' id='word_1_136' title='bbox 359 1965 730 2046; x_wconf 86' lang='grc' dir='ltr'><strong><em>δύνασθαι,</em></strong></span> <span class='ocrx_word' id='word_1_137' title='bbox 787 1990 1000 2052; x_wconf 91' lang='grc' dir='ltr'><strong><em>ταργα</em></strong></span> <span class='ocrx_word' id='word_1_138' title='bbox 1047 1967 1119 2032; x_wconf 84' lang='grc' dir='ltr'><strong><em>δὲ</em></strong></span> <span class='ocrx_word' id='word_1_139' title='bbox 1165 1960 1370 2055; x_wconf 77' lang='grc' dir='ltr'><strong><em>αὐτῆς</em></strong></span> <span class='ocrx_word' id='word_1_140' title='bbox 1417 1993 1494 2034; x_wconf 90' lang='grc' dir='ltr'><strong><em>ου</em></strong></span> <span class='ocrx_word' id='word_1_141' title='bbox 1539 1969 1745 2052; x_wconf 90' lang='grc' dir='ltr'><strong><em>μόνον</em></strong></span> <span class='ocrx_word' id='word_1_142' title='bbox 1799 1996 1875 2036; x_wconf 89' lang='grc' dir='ltr'><strong><em>ου</em></strong></span> <span class='ocrx_word' id='word_1_143' title='bbox 1919 1965 2067 2036; x_wconf 74' lang='grc' dir='ltr'><strong><em>κατ’</em></strong></span> <span class='ocrx_word' id='word_1_144' title='bbox 2120 1966 2315 2050; x_wconf 84' lang='grc' dir='ltr'><strong><em>ἀξίαν</em></strong></span> 
     </span>
     <span class='ocr_line' id='line_1_18' title="bbox 150 2063 2317 2159; baseline 0.003 -26"><span class='ocrx_word' id='word_1_145' title='bbox 150 2093 289 2133; x_wconf 90' lang='grc' dir='ltr'><strong><em>των</em></strong></span> <span class='ocrx_word' id='word_1_146' title='bbox 357 2067 570 2154; x_wconf 88' lang='grc' dir='ltr'><strong><em>λόγων</em></strong></span> <span class='ocrx_word' id='word_1_147' title='bbox 627 2067 1009 2150; x_wconf 84' lang='grc' dir='ltr'><strong><em>ἐκμελετᾶν,</em></strong></span> <span class='ocrx_word' id='word_1_148' title='bbox 1079 2063 1228 2135; x_wconf 74' lang='grc' dir='ltr'><strong><em>ἀλλ’</em></strong></span> <span class='ocrx_word' id='word_1_149' title='bbox 1295 2063 1558 2159; x_wconf 86' lang='grc' dir='ltr'><strong><em>ἀπόχρη</em></strong></span> <span class='ocrx_word' id='word_1_150' title='bbox 1614 2068 1769 2154; x_wconf 78' lang='grc' dir='ltr'><strong><em>ὑμῖν</em></strong></span> <span class='ocrx_word' id='word_1_151' title='bbox 1826 2071 2180 2140; x_wconf 79' lang='grc' dir='ltr'><strong><em>ἐπαινέσαι</em></strong></span> <span class='ocrx_word' id='word_1_152' title='bbox 2242 2099 2317 2140; x_wconf 91' lang='grc' dir='ltr'><strong><em>τε</em></strong></span> 
     </span>
     <span class='ocr_line' id='line_1_19' title="bbox 154 2163 2317 2258; baseline 0.003 -23"><span class='ocrx_word' id='word_1_153' title='bbox 154 2163 367 2256; x_wconf 76' lang='grc' dir='ltr'><strong><em>αὐτὴν</em></strong></span> <span class='ocrx_word' id='word_1_154' title='bbox 406 2172 522 2234; x_wconf 86' lang='grc' dir='ltr'><strong><em>καὶ</em></strong></span> <span class='ocrx_word' id='word_1_155' title='bbox 567 2169 781 2247; x_wconf 88' lang='grc' dir='ltr'><strong><em>δεῖξαι</em></strong></span> <span class='ocrx_word' id='word_1_156' title='bbox 825 2166 1056 2255; x_wconf 80' lang='grc' dir='ltr'><strong><em>ἡλίκον</em></strong></span> <span class='ocrx_word' id='word_1_157' title='bbox 1103 2165 1364 2256; x_wconf 85' lang='grc' dir='ltr'><strong><em>ἀγαθόν</em></strong></span> <span class='ocrx_word' id='word_1_158' title='bbox 1411 2170 1624 2239; x_wconf 87' lang='grc' dir='ltr'><strong><em>ἐστιν·</em></strong></span> <span class='ocrx_word' id='word_1_159' title='bbox 1670 2171 1739 2238; x_wconf 88' lang='grc' dir='ltr'><strong><em>ἐν</em></strong></span> <span class='ocrx_word' id='word_1_160' title='bbox 1784 2173 1856 2240; x_wconf 80' lang='grc' dir='ltr'><strong><em>δὲ</em></strong></span> <span class='ocrx_word' id='word_1_161' title='bbox 1884 2188 2034 2252; x_wconf 89' lang='grc' dir='ltr'><strong><em>ταῖς</em></strong></span> <span class='ocrx_word' id='word_1_162' title='bbox 2061 2183 2317 2258; x_wconf 84' lang='grc' dir='ltr'><strong><em>χρείαις</em></strong></span> 
     </span>
     <span class='ocr_line' id='line_1_20' title="bbox 153 2268 2317 2360; baseline 0.003 -24"><span class='ocrx_word' id='word_1_163' title='bbox 153 2269 528 2356; x_wconf 79' lang='grc' dir='ltr'><strong><em>προδόντες</em></strong></span> <span class='ocrx_word' id='word_1_164' title='bbox 555 2270 712 2350; x_wconf 78' lang='grc' dir='ltr'><strong><em>τοὺς</em></strong></span> <span class='ocrx_word' id='word_1_165' title='bbox 759 2272 993 2357; x_wconf 86' lang='grc' dir='ltr'><strong><em>λόγους</em></strong></span> <span class='ocrx_word' id='word_1_166' title='bbox 1025 2273 1467 2358; x_wconf 81' lang='grc' dir='ltr'><strong><em>δραπετεύετε</em></strong></span> <span class='ocrx_word' id='word_1_167' title='bbox 1512 2268 1627 2340; x_wconf 76' lang='grc' dir='ltr'><strong><em>οὐκ</em></strong></span> <span class='ocrx_word' id='word_1_168' title='bbox 1672 2269 1804 2342; x_wconf 79' lang='grc' dir='ltr'><strong><em>οἶδ’</em></strong></span> <span class='ocrx_word' id='word_1_169' title='bbox 1856 2270 2047 2353; x_wconf 74' lang='grc' dir='ltr'><strong><em>ὅπως</em></strong></span> <span class='ocrx_word' id='word_1_170' title='bbox 2090 2276 2159 2342; x_wconf 87' lang='grc' dir='ltr'><strong><em>ἐκ</em></strong></span> <span class='ocrx_word' id='word_1_171' title='bbox 2202 2281 2317 2360; x_wconf 91' lang='grc' dir='ltr'><strong><em>μέ-</em></strong></span> 
     </span>
     <span class='ocr_line' id='line_1_21' title="bbox 157 2370 2317 2463; baseline 0.003 -25"><span class='ocrx_word' id='word_1_172' title='bbox 157 2396 297 2438; x_wconf 87' lang='grc' dir='ltr'><strong><em>σων</em></strong></span> <span class='ocrx_word' id='word_1_173' title='bbox 343 2376 477 2438; x_wconf 78' lang='grc' dir='ltr'><strong><em>τῶν</em></strong></span> <span class='ocrx_word' id='word_1_174' title='bbox 515 2373 741 2458; x_wconf 70' lang='grc' dir='ltr'><strong><em>ἔργων.</em></strong></span> <span class='ocrx_word' id='word_1_175' title='bbox 816 2378 927 2440; x_wconf 90' lang='grc' dir='ltr'><strong><em>καὶ</em></strong></span> <span class='ocrx_word' id='word_1_176' title='bbox 971 2370 1234 2442; x_wconf 80' lang='grc' dir='ltr'><strong><em>ὁπόταν</em></strong></span> <span class='ocrx_word' id='word_1_177' title='bbox 1267 2371 1425 2458; x_wconf 79' lang='grc' dir='ltr'><strong><em>ύμῖν</em></strong></span> <span class='ocrx_word' id='word_1_178' title='bbox 1454 2377 1521 2442; x_wconf 79' lang='grc' dir='ltr'><strong><em>οἱ</em></strong></span> <span class='ocrx_word' id='word_1_179' title='bbox 1549 2377 1883 2463; x_wconf 81' lang='grc' dir='ltr'><strong><em>τραγῳδοὶ</em></strong></span> <span class='ocrx_word' id='word_1_180' title='bbox 1929 2377 2049 2455; x_wconf 81' lang='grc' dir='ltr'><strong><em>τὰς</em></strong></span> <span class='ocrx_word' id='word_1_181' title='bbox 2091 2378 2317 2444; x_wconf 89' lang='grc' dir='ltr'><strong><em>τοιαύ-</em></strong></span> 
     </span>
     <span class='ocr_line' id='line_1_22' title="bbox 153 2471 2315 2564; baseline 0.003 -25"><span class='ocrx_word' id='word_1_182' title='bbox 153 2498 280 2551; x_wconf 90' lang='grc' dir='ltr'><strong><em>τας</em></strong></span> <span class='ocrx_word' id='word_1_183' title='bbox 339 2475 580 2561; x_wconf 92' lang='grc' dir='ltr'><strong><em>φιλίας</em></strong></span> <span class='ocrx_word' id='word_1_184' title='bbox 647 2473 762 2541; x_wconf 86' lang='grc' dir='ltr'><strong><em>ἐπὶ</em></strong></span> <span class='ocrx_word' id='word_1_185' title='bbox 828 2473 948 2563; x_wconf 83' lang='grc' dir='ltr'><strong><em>τὴν</em></strong></span> <span class='ocrx_word' id='word_1_186' title='bbox 1007 2475 1246 2564; x_wconf 88' lang='grc' dir='ltr'><strong><em>σκηνὴν</em></strong></span> <span class='ocrx_word' id='word_1_187' title='bbox 1311 2471 1843 2560; x_wconf 83' lang='grc' dir='ltr'><strong><em>ἀναβιβάσαντες</em></strong></span> <span class='ocrx_word' id='word_1_188' title='bbox 1910 2479 2315 2559; x_wconf 88' lang='grc' dir='ltr'><strong><em>δεικνύωσιν,</em></strong></span> 
     </span>
     <span class='ocr_line' id='line_1_23' title="bbox 150 2574 2343 2665; baseline 0.003 -25"><span class='ocrx_word' id='word_1_189' title='bbox 150 2574 499 2642; x_wconf 75' lang='grc' dir='ltr'><strong><em>ἐπαινεῖτε</em></strong></span> <span class='ocrx_word' id='word_1_190' title='bbox 549 2579 661 2642; x_wconf 91' lang='grc' dir='ltr'><strong><em>καὶ</em></strong></span> <span class='ocrx_word' id='word_1_191' title='bbox 721 2581 1131 2662; x_wconf 82' lang='grc' dir='ltr'><strong><em>ἐπικροτεῖτε</em></strong></span> <span class='ocrx_word' id='word_1_192' title='bbox 1174 2580 1283 2644; x_wconf 83' lang='grc' dir='ltr'><strong><em>καὶ</em></strong></span> <span class='ocrx_word' id='word_1_193' title='bbox 1337 2578 1828 2646; x_wconf 88' lang='grc' dir='ltr'><strong><em>κινδυνεύουσιν</em></strong></span> <span class='ocrx_word' id='word_1_194' title='bbox 1874 2574 2101 2657; x_wconf 73' lang='grc' dir='ltr'><strong><em>αὐτοῖς</em></strong></span> <span class='ocrx_word' id='word_1_195' title='bbox 2145 2577 2343 2665; x_wconf 77' lang='grc' dir='ltr'><strong><em>ὑπὲρ</em></strong></span> 
     </span>
     <span class='ocr_line' id='line_1_24' title="bbox 146 2671 2317 2767; baseline 0.003 -23"><span class='ocrx_word' id='word_1_196' title='bbox 146 2671 462 2767; x_wconf 85' lang='grc' dir='ltr'><strong><em>ἀλλήλων</em></strong></span> <span class='ocrx_word' id='word_1_197' title='bbox 507 2679 573 2744; x_wconf 81' lang='grc' dir='ltr'><strong><em>οἱ</em></strong></span> <span class='ocrx_word' id='word_1_198' title='bbox 616 2680 862 2745; x_wconf 84' lang='grc' dir='ltr'><strong><em>πολλοὶ</em></strong></span> <span class='ocrx_word' id='word_1_199' title='bbox 906 2681 1016 2746; x_wconf 86' lang='grc' dir='ltr'><strong><em>καὶ</em></strong></span> <span class='ocrx_word' id='word_1_200' title='bbox 1063 2679 1513 2764; x_wconf 84' lang='grc' dir='ltr'><strong><em>ἐπιδακρύετε,</em></strong></span> <span class='ocrx_word' id='word_1_201' title='bbox 1562 2674 1753 2748; x_wconf 75' lang='grc' dir='ltr'><strong><em>αὐτοὶ</em></strong></span> <span class='ocrx_word' id='word_1_202' title='bbox 1800 2681 1872 2746; x_wconf 81' lang='grc' dir='ltr'><strong><em>δὲ</em></strong></span> <span class='ocrx_word' id='word_1_203' title='bbox 1905 2675 2094 2748; x_wconf 74' lang='grc' dir='ltr'><strong><em>οὐδὲν</em></strong></span> <span class='ocrx_word' id='word_1_204' title='bbox 2127 2678 2317 2761; x_wconf 72' lang='grc' dir='ltr'><strong><em>ἀξιον</em></strong></span> 
     </span>
     <span class='ocr_line' id='line_1_25' title="bbox 153 2777 2316 2870; baseline 0.002 -23"><span class='ocrx_word' id='word_1_205' title='bbox 153 2782 441 2847; x_wconf 84' lang='grc' dir='ltr'><strong><em>ἐπαίνου</em></strong></span> <span class='ocrx_word' id='word_1_206' title='bbox 495 2777 664 2865; x_wconf 76' lang='grc' dir='ltr'><strong><em>ὑπὲρ</em></strong></span> <span class='ocrx_word' id='word_1_207' title='bbox 723 2784 856 2847; x_wconf 84' lang='grc' dir='ltr'><strong><em>τῶν</em></strong></span> <span class='ocrx_word' id='word_1_208' title='bbox 915 2783 1132 2868; x_wconf 89' lang='grc' dir='ltr'><strong><em>φίλων</em></strong></span> <span class='ocrx_word' id='word_1_209' title='bbox 1177 2787 1605 2867; x_wconf 87' lang='grc' dir='ltr'><strong><em>παρέχεσθαι</em></strong></span> <span class='ocrx_word' id='word_1_210' title='bbox 1646 2784 1970 2866; x_wconf 80' lang='grc' dir='ltr'><strong><em>τολμᾶτε,</em></strong></span> <span class='ocrx_word' id='word_1_211' title='bbox 2028 2777 2179 2849; x_wconf 75' lang='grc' dir='ltr'><strong><em>ἀλλ’</em></strong></span> <span class='ocrx_word' id='word_1_212' title='bbox 2234 2780 2316 2870; x_wconf 82' lang='grc' dir='ltr'><strong><em>ἤν</em></strong></span> 
     </span>
     <span class='ocr_line' id='line_1_26' title="bbox 149 2876 2314 2971; baseline 0.002 -22"><span class='ocrx_word' id='word_1_213' title='bbox 149 2910 272 2951; x_wconf 87' lang='grc' dir='ltr'><strong><em>του</em></strong></span> <span class='ocrx_word' id='word_1_214' title='bbox 319 2883 523 2970; x_wconf 90' lang='grc' dir='ltr'><strong><em>φίλος</em></strong></span> <span class='ocrx_word' id='word_1_215' title='bbox 553 2882 825 2970; x_wconf 81' lang='grc' dir='ltr'><strong><em>δεηθεὶς</em></strong></span> <span class='ocrx_word' id='word_1_216' title='bbox 867 2882 1044 2970; x_wconf 84' lang='grc' dir='ltr'><strong><em>τύχῃ,</em></strong></span> <span class='ocrx_word' id='word_1_217' title='bbox 1095 2876 1333 2950; x_wconf 75' lang='grc' dir='ltr'><strong><em>αὐτίκα</em></strong></span> <span class='ocrx_word' id='word_1_218' title='bbox 1367 2883 1552 2966; x_wconf 87' lang='grc' dir='ltr'><strong><em>μάλα</em></strong></span> <span class='ocrx_word' id='word_1_219' title='bbox 1596 2882 1823 2970; x_wconf 81' lang='grc' dir='ltr'><strong><em>ὥσπερ</em></strong></span> <span class='ocrx_word' id='word_1_220' title='bbox 1868 2884 1953 2951; x_wconf 82' lang='grc' dir='ltr'><strong><em>τὰ</em></strong></span> <span class='ocrx_word' id='word_1_221' title='bbox 2000 2879 2314 2971; x_wconf 80' lang='grc' dir='ltr'><strong><em>ὀνείρατα</em></strong></span> 
     </span>
     <span class='ocr_line' id='line_1_27' title="bbox 153 2979 2314 3070; baseline 0.001 -18"><span class='ocrx_word' id='word_1_222' title='bbox 153 2986 460 3068; x_wconf 73' lang='grc' dir='ltr'><strong><em>οἴχονται</em></strong></span> <span class='ocrx_word' id='word_1_223' title='bbox 514 2980 670 3066; x_wconf 73' lang='grc' dir='ltr'><strong><em>ὑμῖν</em></strong></span> <span class='ocrx_word' id='word_1_224' title='bbox 727 2983 1028 3052; x_wconf 81' lang='grc' dir='ltr'><strong><em>ἐκποδὼν</em></strong></span> <span class='ocrx_word' id='word_1_225' title='bbox 1088 2979 1571 3070; x_wconf 85' lang='grc' dir='ltr'><strong><em>ἀποπτάμεναι</em></strong></span> <span class='ocrx_word' id='word_1_226' title='bbox 1632 2988 1704 3053; x_wconf 77' lang='grc' dir='ltr'><strong><em>αἱ</em></strong></span> <span class='ocrx_word' id='word_1_227' title='bbox 1760 2989 2009 3053; x_wconf 86' lang='grc' dir='ltr'><strong><em>πολλαὶ</em></strong></span> <span class='ocrx_word' id='word_1_228' title='bbox 2072 2987 2314 3055; x_wconf 86' lang='grc' dir='ltr'><strong><em>ἐκεῖναι</em></strong></span> 
     </span>
     <span class='ocr_line' id='line_1_28' title="bbox 151 3085 2317 3176; baseline 0.003 -24"><span class='ocrx_word' id='word_1_229' title='bbox 151 3085 556 3172; x_wconf 84' lang='grc' dir='ltr'><strong><em>τραγῳδίαι,</em></strong></span> <span class='ocrx_word' id='word_1_230' title='bbox 613 3098 756 3163; x_wconf 90' lang='grc' dir='ltr'><strong><em>τοῖς</em></strong></span> <span class='ocrx_word' id='word_1_231' title='bbox 811 3099 1025 3162; x_wconf 89' lang='grc' dir='ltr'><strong><em>κενοῖς</em></strong></span> <span class='ocrx_word' id='word_1_232' title='bbox 1081 3086 1344 3164; x_wconf 89' lang='grc' dir='ltr'><strong><em>τούτοις</em></strong></span> <span class='ocrx_word' id='word_1_233' title='bbox 1396 3091 1507 3153; x_wconf 87' lang='grc' dir='ltr'><strong><em>καὶ</em></strong></span> <span class='ocrx_word' id='word_1_234' title='bbox 1551 3102 1809 3175; x_wconf 87' lang='grc' dir='ltr'><strong><em>κωφοῖς</em></strong></span> <span class='ocrx_word' id='word_1_235' title='bbox 1851 3096 2317 3176; x_wconf 90' lang='grc' dir='ltr'><strong><em>προσωπείοις</em></strong></span> 
     </span>
     <span class='ocr_line' id='line_1_29' title="bbox 154 3181 2315 3276; baseline 0.002 -22"><span class='ocrx_word' id='word_1_236' title='bbox 154 3188 464 3265; x_wconf 90' lang='grc' dir='ltr'><strong><em>ἐοικότας</em></strong></span> <span class='ocrx_word' id='word_1_237' title='bbox 518 3184 694 3270; x_wconf 78' lang='grc' dir='ltr'><strong><em>ὑμᾶς</em></strong></span> <span class='ocrx_word' id='word_1_238' title='bbox 751 3181 1251 3270; x_wconf 81' lang='grc' dir='ltr'><strong><em>ἀπολιποῦσαι,</em></strong></span> <span class='ocrx_word' id='word_1_239' title='bbox 1312 3187 1354 3254; x_wconf 75' lang='grc' dir='ltr'><em>ἃ</em></span> <span class='ocrx_word' id='word_1_240' title='bbox 1412 3188 1773 3276; x_wconf 82' lang='grc' dir='ltr'><strong><em>διῃρημένα</em></strong></span> <span class='ocrx_word' id='word_1_241' title='bbox 1816 3189 1891 3257; x_wconf 83' lang='grc' dir='ltr'><strong><em>τὸ</em></strong></span> <span class='ocrx_word' id='word_1_242' title='bbox 1942 3191 2159 3276; x_wconf 89' lang='grc' dir='ltr'><strong><em>στόμα</em></strong></span> <span class='ocrx_word' id='word_1_243' title='bbox 2203 3196 2315 3258; x_wconf 88' lang='grc' dir='ltr'><strong><em>καὶ</em></strong></span> 
     </span>
     <span class='ocr_line' id='line_1_30' title="bbox 153 3283 2312 3380; baseline 0.002 -25"><span class='ocrx_word' id='word_1_244' title='bbox 153 3294 596 3375; x_wconf 85' lang='grc' dir='ltr'><strong><em>παμμέγεθες</em></strong></span> <span class='ocrx_word' id='word_1_245' title='bbox 661 3283 978 3377; x_wconf 82' lang='grc' dir='ltr'><strong><em>κεχηνότα</em></strong></span> <span class='ocrx_word' id='word_1_246' title='bbox 1045 3284 1198 3356; x_wconf 75' lang='grc' dir='ltr'><strong><em>οὐδὲ</em></strong></span> <span class='ocrx_word' id='word_1_247' title='bbox 1262 3289 1338 3356; x_wconf 83' lang='grc' dir='ltr'><strong><em>τὸ</em></strong></span> <span class='ocrx_word' id='word_1_248' title='bbox 1411 3290 1853 3374; x_wconf 89' lang='grc' dir='ltr'><strong><em>σμικρότατον</em></strong></span> <span class='ocrx_word' id='word_1_249' title='bbox 1910 3297 2277 3380; x_wconf 87' lang='grc' dir='ltr'><strong><em>φθέγγεται</em></strong></span> <span class='ocrx_word' id='word_1_250' title='bbox 2298 3313 2312 3326; x_wconf 90' lang='grc'><em>·</em></span> 
     </span>
     <span class='ocr_line' id='line_1_31' title="bbox 151 3383 2309 3479; baseline 0.001 -23"><span class='ocrx_word' id='word_1_251' title='bbox 151 3389 348 3479; x_wconf 83' lang='grc' dir='ltr'><strong><em>ἡμεῖς</em></strong></span> <span class='ocrx_word' id='word_1_252' title='bbox 407 3390 480 3458; x_wconf 78' lang='grc' dir='ltr'><strong><em>δὲ</em></strong></span> <span class='ocrx_word' id='word_1_253' title='bbox 537 3389 864 3474; x_wconf 81' lang='grc' dir='ltr'><strong><em>ε’μπαλιν·</em></strong></span> <span class='ocrx_word' id='word_1_254' title='bbox 924 3383 1064 3476; x_wconf 84' lang='grc' dir='ltr'><strong><em>όσῳ</em></strong></span> <span class='ocrx_word' id='word_1_255' title='bbox 1107 3389 1233 3476; x_wconf 86' lang='grc' dir='ltr'><strong><em>γὰρ</em></strong></span> <span class='ocrx_word' id='word_1_256' title='bbox 1293 3390 1371 3476; x_wconf 86' lang='grc' dir='ltr'><strong><em>δὴ</em></strong></span> <span class='ocrx_word' id='word_1_257' title='bbox 1422 3393 1810 3475; x_wconf 87' lang='grc' dir='ltr'><strong><em>λειπόμεθα</em></strong></span> <span class='ocrx_word' id='word_1_258' title='bbox 1854 3392 1922 3459; x_wconf 89' lang='grc' dir='ltr'><strong><em>ἐν</em></strong></span> <span class='ocrx_word' id='word_1_259' title='bbox 1966 3407 2110 3470; x_wconf 89' lang='grc' dir='ltr'><strong><em>τοῖς</em></strong></span> <span class='ocrx_word' id='word_1_260' title='bbox 2154 3396 2309 3476; x_wconf 82' lang='grc' dir='ltr'><strong><em>περὶ</em></strong></span> 
     </span>
     <span class='ocr_line' id='line_1_32' title="bbox 153 3487 2313 3581; baseline 0 -23"><span class='ocrx_word' id='word_1_261' title='bbox 153 3494 394 3580; x_wconf 87' lang='grc' dir='ltr'><strong><em>φιλίας</em></strong></span> <span class='ocrx_word' id='word_1_262' title='bbox 440 3491 680 3576; x_wconf 90' lang='grc' dir='ltr'><strong><em>λόγοις,</em></strong></span> <span class='ocrx_word' id='word_1_263' title='bbox 725 3491 1025 3576; x_wconf 80' lang='grc' dir='ltr'><strong><em>τοσούτῳ</em></strong></span> <span class='ocrx_word' id='word_1_264' title='bbox 1070 3489 1138 3559; x_wconf 84' lang='grc' dir='ltr'><strong><em>ἐν</em></strong></span> <span class='ocrx_word' id='word_1_265' title='bbox 1182 3505 1325 3569; x_wconf 88' lang='grc' dir='ltr'><strong><em>τοῖς</em></strong></span> <span class='ocrx_word' id='word_1_266' title='bbox 1376 3492 1593 3577; x_wconf 69' lang='grc' dir='ltr'><strong><em>ἔργοις</em></strong></span> <span class='ocrx_word' id='word_1_267' title='bbox 1640 3487 1840 3581; x_wconf 75' lang='grc' dir='ltr'><strong><em>αὐτῆς</em></strong></span> <span class='ocrx_word' id='word_1_268' title='bbox 1882 3495 2313 3559; x_wconf 86' lang='grc' dir='ltr'><strong><em>πλεονεκτοῦ-</em></strong></span> 
     </span>
    </p>
   </div>
   <div class='ocr_carea' id='block_1_3' title="bbox 152 3585 2422 3678">
    <p class='ocr_par' dir='ltr' id='par_1_5' title="bbox 152 3585 2422 3678">
     <span class='ocr_line' id='line_1_33' title="bbox 152 3585 2422 3678; baseline -0.001 -19"><span class='ocrx_word' id='word_1_269' title='bbox 152 3618 296 3676; x_wconf 91' lang='grc' dir='ltr'><strong><em>μεν.</em></strong></span> <span class='ocrx_word' id='word_1_270' title='bbox 394 3599 492 3660; x_wconf 92' lang='grc'><strong><em>10.</em></strong></span> <span class='ocrx_word' id='word_1_271' title='bbox 541 3593 609 3660; x_wconf 84' lang='grc' dir='ltr'><strong><em>εί</em></strong></span> <span class='ocrx_word' id='word_1_272' title='bbox 646 3587 710 3677; x_wconf 76' lang='grc' dir='ltr'><strong><em>γ’</em></strong></span> <span class='ocrx_word' id='word_1_273' title='bbox 773 3589 888 3660; x_wconf 80' lang='grc' dir='ltr'><strong><em>οὖν</em></strong></span> <span class='ocrx_word' id='word_1_274' title='bbox 946 3593 1156 3673; x_wconf 89' lang='grc' dir='ltr'><strong><em>δοκεῖ,</em></strong></span> <span class='ocrx_word' id='word_1_275' title='bbox 1215 3585 1389 3659; x_wconf 76' lang='grc' dir='ltr'><strong><em>οῧτω</em></strong></span> <span class='ocrx_word' id='word_1_276' title='bbox 1450 3597 1563 3660; x_wconf 87' lang='grc' dir='ltr'><strong><em>νῦν</em></strong></span> <span class='ocrx_word' id='word_1_277' title='bbox 1606 3597 1935 3678; x_wconf 84' lang='grc' dir='ltr'><strong><em>ποιῶμεν,</em></strong></span> <span class='ocrx_word' id='word_1_278' title='bbox 1994 3593 2151 3671; x_wconf 80' lang='grc' dir='ltr'><strong><em>τοὺς</em></strong></span> <span class='ocrx_word' id='word_1_279' title='bbox 2192 3595 2312 3677; x_wconf 83' lang='grc' dir='ltr'><strong><em>μὲν</em></strong></span> <span class='ocrx_word' id='word_1_280' title='bbox 2348 3603 2422 3657; x_wconf 85' lang='grc'><strong><em>10</em></strong></span> 
     </span>
    </p>
   </div>
   <div class='ocr_carea' id='block_1_4' title="bbox 152 3685 2317 4088">
    <p class='ocr_par' dir='ltr' id='par_1_6' title="bbox 152 3685 2317 4088">
     <span class='ocr_line' id='line_1_34' title="bbox 153 3685 2314 3784; baseline -0 -23"><span class='ocrx_word' id='word_1_281' title='bbox 153 3692 498 3772; x_wconf 85' lang='grc' dir='ltr'><strong><em>παλαιους</em></strong></span> <span class='ocrx_word' id='word_1_282' title='bbox 553 3697 797 3782; x_wconf 88' lang='grc' dir='ltr'><strong><em>φίλους</em></strong></span> <span class='ocrx_word' id='word_1_283' title='bbox 855 3688 1162 3778; x_wconf 86' lang='grc' dir='ltr'><strong><em>ἀτρεμεῖν</em></strong></span> <span class='ocrx_word' id='word_1_284' title='bbox 1220 3693 1555 3780; x_wconf 85' lang='grc' dir='ltr'><strong><em>ἐάσωμεν,</em></strong></span> <span class='ocrx_word' id='word_1_285' title='bbox 1614 3696 1680 3761; x_wconf 75' lang='grc' dir='ltr'><strong><em>εἲ</em></strong></span> <span class='ocrx_word' id='word_1_286' title='bbox 1724 3719 1914 3772; x_wconf 91' lang='grc' dir='ltr'><strong><em>τινας</em></strong></span> <span class='ocrx_word' id='word_1_287' title='bbox 1955 3685 1998 3784; x_wconf 82' lang='grc' dir='ltr'><em>ἢ</em></span> <span class='ocrx_word' id='word_1_288' title='bbox 2040 3692 2230 3783; x_wconf 81' lang='grc' dir='ltr'><strong><em>ἡμεῖς</em></strong></span> <span class='ocrx_word' id='word_1_289' title='bbox 2273 3685 2314 3780; x_wconf 69' lang='grc' dir='ltr'><strong><em>η’</em></strong></span> 
     </span>
     <span class='ocr_line' id='line_1_35' title="bbox 152 3794 2317 3883; baseline 0.001 -21"><span class='ocrx_word' id='word_1_290' title='bbox 152 3794 346 3881; x_wconf 75' lang='grc' dir='ltr'><strong><em>ὑμεῖς</em></strong></span> <span class='ocrx_word' id='word_1_291' title='bbox 403 3822 539 3863; x_wconf 89' lang='grc' dir='ltr'><strong><em>των</em></strong></span> <span class='ocrx_word' id='word_1_292' title='bbox 595 3795 816 3863; x_wconf 89' lang='grc' dir='ltr'><strong><em>πάλαι</em></strong></span> <span class='ocrx_word' id='word_1_293' title='bbox 871 3801 1316 3882; x_wconf 89' lang='grc' dir='ltr'><strong><em>καταριθμεῖν</em></strong></span> <span class='ocrx_word' id='word_1_294' title='bbox 1375 3796 1605 3880; x_wconf 85' lang='grc' dir='ltr'><strong><em>ε’χομεν</em></strong></span> <span class='ocrx_word' id='word_1_295' title='bbox 1660 3833 1747 3844; x_wconf 91' lang='grc'>-</span> <span class='ocrx_word' id='word_1_296' title='bbox 1803 3795 1953 3863; x_wconf 87' lang='grc' dir='ltr'><strong><em>ἐπεὶ</em></strong></span> <span class='ocrx_word' id='word_1_297' title='bbox 2009 3797 2180 3863; x_wconf 88' lang='grc' dir='ltr'><strong><em>κατά</em></strong></span> <span class='ocrx_word' id='word_1_298' title='bbox 2243 3823 2317 3883; x_wconf 92' lang='grc' dir='ltr'><strong><em>γε</em></strong></span> 
     </span>
     <span class='ocr_line' id='line_1_36' title="bbox 153 3887 2317 3985; baseline 0 -20"><span class='ocrx_word' id='word_1_299' title='bbox 153 3902 355 3966; x_wconf 87' lang='grc' dir='ltr'><strong><em>τοῦτο</em></strong></span> <span class='ocrx_word' id='word_1_300' title='bbox 414 3900 880 3965; x_wconf 89' lang='grc' dir='ltr'><strong><em>πλεονεκτοῖτε</em></strong></span> <span class='ocrx_word' id='word_1_301' title='bbox 935 3887 1017 3963; x_wconf 83' lang='grc' dir='ltr'><strong><em>ἀν</em></strong></span> <span class='ocrx_word' id='word_1_302' title='bbox 1069 3897 1364 3975; x_wconf 80' lang='grc' dir='ltr'><strong><em>πολλοὺς</em></strong></span> <span class='ocrx_word' id='word_1_303' title='bbox 1417 3901 1528 3964; x_wconf 89' lang='grc' dir='ltr'><strong><em>καὶ</em></strong></span> <span class='ocrx_word' id='word_1_304' title='bbox 1587 3893 2023 3977; x_wconf 83' lang='grc' dir='ltr'><strong><em>ἀξιοπίστους</em></strong></span> <span class='ocrx_word' id='word_1_305' title='bbox 2066 3899 2317 3985; x_wconf 89' lang='grc' dir='ltr'><strong><em>μάρτυ-</em></strong></span> 
     </span>
     <span class='ocr_line' id='line_1_37' title="bbox 154 3993 2315 4088; baseline 0 -22"><span class='ocrx_word' id='word_1_306' title='bbox 154 4025 280 4083; x_wconf 89' lang='grc' dir='ltr'><strong><em>ρας</em></strong></span> <span class='ocrx_word' id='word_1_307' title='bbox 325 3999 482 4078; x_wconf 76' lang='grc' dir='ltr'><strong><em>τοὺς</em></strong></span> <span class='ocrx_word' id='word_1_308' title='bbox 527 3999 816 4088; x_wconf 77' lang='grc' dir='ltr'><strong><em>ποιητάς</em></strong></span> <span class='ocrx_word' id='word_1_309' title='bbox 845 3997 1312 4085; x_wconf 89' lang='grc' dir='ltr'><strong><em>παρεχόμενοι,</em></strong></span> <span class='ocrx_word' id='word_1_310' title='bbox 1358 3999 1477 4087; x_wconf 85' lang='grc' dir='ltr'><strong><em>τὴν</em></strong></span> <span class='ocrx_word' id='word_1_311' title='bbox 1506 3993 1860 4083; x_wconf 76' lang='grc' dir='ltr'><strong><em>Ἀχιλλέως</em></strong></span> <span class='ocrx_word' id='word_1_312' title='bbox 1902 4003 2010 4066; x_wconf 82' lang='grc' dir='ltr'><strong><em>καὶ</em></strong></span> <span class='ocrx_word' id='word_1_313' title='bbox 2044 4000 2315 4085; x_wconf 90' lang='grc' dir='ltr'><strong><em>Πατρό-</em></strong></span> 
     </span>
    </p>
   </div>
  </div>
 </body>
</html>
