2750 4534
949 239 1502 295 ῙΚΑΡΟΜΕΝΙΠΠΟΣ.
2171 240 2293 297 145

129 434 374 495 γοντες
417 402 794 476 ἀκόλουθον
804 460 822 489 ,
885 402 1054 475 ἀλλὰ
1100 410 1444 494 μαχόμενα
1488 408 1713 475 πάντα
1770 412 1881 477 καὶ
1924 405 2295 477 ὑπεναντία

135 504 326 595 ὅμως
373 516 761 578 πείθεσθαί
803 516 876 576 τέ
917 536 1003 594 με
1043 505 1271 601 ἠξίουν
1315 514 1427 578 καὶ
1472 510 1644 601 πρὸς
1688 510 1803 579 τὸν
1850 508 2053 579 αὑτοῦ
2100 512 2295 598 λόγον

133 613 421 692 ἕκαστος
463 610 746 699 ὑπάγειν
794 612 1182 699 ἐπειρῶντο.

311 721 622 782 ΕΤΑΙΡ.
696 711 996 783 Ἄτοπον
1055 718 1294 802 λέγεις,
1355 715 1415 782 εἰ
1462 719 1666 804 σοφοὶ
1712 712 1901 793 ὄντες
1950 717 2015 783 οἱ
2062 712 2296 801 ἄνδρες

135 816 541 899 ἐστασίαζον
587 817 761 905 πρὸς
792 814 1032 896 αὑτοὺς
1077 822 1235 906 περὶ
1279 822 1413 884 τῶν
1461 818 1672 905 λόγων
1714 822 1824 886 καὶ
1874 812 1949 885 οὗ
1993 817 2077 885 τὰ
2126 812 2293 884 αὐτὰ

134 924 295 1007 περὶ
348 925 482 988 τῶν
527 915 742 988 αὑτῶν
788 916 1120 1002 ἐδόξαζον.

311 1030 374 1091 6.
422 1029 647 1090 ΜΕΝ.
738 1026 874 1091 Καὶ
917 1024 1078 1110 μήν,
1137 1010 1191 1088 ὦ
1237 1022 1490 1110 ἑταῖρε,
1550 1024 1793 1111 γελάσῃ
1843 1018 2129 1103 ἀκούσας
2172 1024 2291 1113 τήν
2326 1036 2365 1091 6

135 1153 206 1194 τε
239 1121 639 1208 ἀλαζονείαν
685 1120 905 1193 αὐτῶν
948 1130 1061 1194 καὶ
1090 1126 1208 1214 τὴν
1254 1125 1322 1193 ἐν
1351 1139 1495 1204 τοῖς
1540 1126 1763 1213 λόγοις
1802 1133 2291 1213 τερατουργίαν,

133 1230 205 1296 οἵ
243 1254 321 1316 γε
370 1232 612 1315 πρῶτα
654 1229 778 1312 μὲν
823 1227 938 1299 ἐπὶ
983 1232 1100 1318 γῆς
1142 1228 1497 1317 βεβηκότες
1538 1232 1648 1296 καὶ
1679 1229 1885 1317 μηδὲν
1925 1233 2057 1296 τῶν
2083 1232 2293 1313 χαμαὶ

138 1331 514 1417 ἐρχομένων
578 1327 767 1421 ἡμῶν
823 1327 1289 1415 ὑπερέχοντες,
1360 1325 1512 1397 ἀλλ’
1586 1325 1741 1398 οὐδὲ
1803 1325 2110 1417 ὀξύτερον
2175 1338 2294 1401 τοῦ

140 1436 436 1523 πλησίον
495 1434 907 1519 δεδορκότες,
967 1432 1134 1501 ἔνιοι
1195 1434 1266 1500 δὲ
1321 1430 1457 1500 ὑπὸ
1514 1434 1731 1520 γήρως
1787 1424 1829 1524 ἢ
1874 1428 2108 1520 ἇργίας
2169 1430 2294 1519 ἆμ-

137 1536 620 1618 βλυώττοντες,
687 1528 872 1619 ὅμως
927 1529 1208 1621 οὐρανοῦ
1265 1561 1339 1602 τε
1395 1541 1658 1622 πέρατα
1714 1536 1947 1620 διορᾶν
2002 1537 2293 1625 ἔφασκον

139 1640 247 1705 καὶ
296 1636 427 1705 τὸν
484 1630 672 1726 ἥλιον
733 1642 1210 1723 περιεμέτρουν
1267 1641 1378 1704 καὶ
1433 1650 1577 1716 τοῖς
1631 1633 1801 1723 ὑπὲρ
1856 1636 1974 1727 τὴν
2020 1639 2293 1729 σελήνην

143 1739 552 1825 ἐπεβάτευον
596 1743 708 1807 καὶ
751 1739 982 1824 ὥσπερ
1031 1738 1100 1805 ἐκ
1127 1743 1256 1807 τῶν
1304 1733 1602 1825 ἀστέρων
1645 1741 2135 1819 καταπεσόντες
2175 1767 2291 1825 με-

143 1847 307 1931 γέθη
373 1867 450 1909 τε
496 1836 709 1908 αὐτῶν
754 1844 864 1908 καὶ
910 1842 1214 1929 σχήματα
1258 1841 1635 1931 διεξῄεσαν,
1689 1847 1797 1910 καὶ
1843 1844 2185 1924 πολλάκις,
2232 1845 2292 1911 εἰ

143 1945 358 2027 τύχοι,
423 1944 589 2034 μηδὲ
647 1940 900 2011 ὁπόσοι
957 1943 1226 2011 στάδιοι
1269 1944 1683 2029 Μεγαρόθεν
1732 1938 2067 2035 Ἀθήναζέ
2124 1945 2293 2013 εἰσιν

62 2064 132 2115 '158
149 2040 441 2131 ἀκριβῶς
472 2044 911 2131 ἐπιστάμενοι
939 2044 1015 2113 τὸ
1049 2043 1296 2129 μεταξὺ
1341 2050 1462 2135 τῆς
1494 2047 1767 2134 σελήνης
1809 2048 1920 2115 καὶ
1955 2052 2073 2115 τοῦ
2102 2044 2292 2137 ἡλίου

142 2156 386 2234 χωρίον
443 2146 719 2216 ὁπόσων
777 2147 878 2237 εἴη
939 2151 1169 2237 πηχῶν
1226 2148 1301 2215 τὸ
1361 2153 1651 2235 μέγεθος
1707 2148 2003 2233 ἐτόλμων
2064 2153 2291 2236 λέγειν,

148 2244 336 2337 ἀέρος
368 2276 444 2318 τε
473 2243 613 2339 ῧψη
657 2254 768 2317 καὶ
814 2248 1161 2338 θαλάττης
1202 2251 1391 2338 βάθη
1438 2253 1546 2317 καὶ
1578 2254 1697 2339 γῆς
1727 2250 2086 2336 περιόδους
2132 2247 2293 2320 ἂνα-

147 2357 566 2440 μετροῦντες,
629 2352 728 2421 ἔτι
788 2352 860 2418 δὲ
917 2352 1187 2430 κύκλους
1243 2352 1782 2441 καταγράφοντες
1838 2355 1949 2419 καὶ
2008 2361 2295 2441 τρίγωνα

151 2452 257 2521 ἐπὶ
329 2454 773 2541 τετραγώνοις
845 2453 1473 2542 διασχηματίζοντες
1556 2457 1666 2521 καὶ
1743 2461 2037 2541 σφαίρας
2107 2456 2296 2535 τινὰς

150 2559 638 2637 ποικίλλοντες,
705 2555 823 2623 τὸν
883 2550 1162 2642 ουρανὸν
1235 2556 1443 2644 δῆθεν
1515 2550 1715 2623 αὑτὸν
1790 2552 2292 2635 ἐπιδεικνύντες.

153 2664 205 2724 7.
237 2658 478 2726 ἐ’πειτα
509 2658 581 2725 δὲ
610 2652 870 2725 κᾶκεῖνο
902 2661 1050 2737 πῶς
1080 2683 1194 2724 ουκ
1228 2682 1531 2744 αγνωμον
1564 2651 1781 2724 αὐτῶν
1810 2661 1919 2725 καὶ
1954 2662 2297 2737 παντελῶς
2332 2667 2363 2718 7

150 2765 612 2848 τετυφωμένον
669 2758 744 2826 τὸ
793 2763 951 2845 περὶ
1002 2763 1136 2826 τῶν
1181 2758 1392 2837 οὕτως
1436 2752 1697 2847 αδηλων
1744 2761 2051 2846 λέγοντας
2091 2762 2296 2847 μηδὲν

155 2857 236 2940 ὥς
259 2861 640 2943 εἰκάζοντας
665 2855 1206 2949 ἀποφαίνεσθαι,
1240 2855 1390 2927 ἀλλ’
1420 2858 2063 2948 ὑπερδιατείνεσθαί
2090 2889 2162 2931 τε
2184 2869 2295 2931 καὶ

154 2966 476 3054 μηδεμίαν
518 2978 664 3043 τοῖς
704 2960 934 3042 ἄλλοις
977 2960 1354 3050 ὑπερβολὴν
1399 2958 1900 3048 ἀπολιμπάνειν
1942 2970 2295 3051 μονονουχὶ

157 3066 624 3152 διομνυμένους
677 3066 924 3153 μύδρον
985 3067 1106 3151 μὲν
1164 3064 1337 3133 εἶναι
1392 3066 1509 3135 τὸν
1552 3061 1770 3154 ἥλιον,
1831 3076 2297 3137 κατοικεῖσθαι

157 3167 220 3234 δὲ
258 3169 382 3257 τὴν
429 3168 725 3258 σελήνην,
783 3164 1228 3236 ὑδατοποτεῖν
1286 3168 1358 3235 δὲ
1404 3167 1561 3249 τοὺς
1606 3163 1889 3255 ἇστέρας
1944 3175 2063 3237 τοῦ
2112 3168 2296 3259 ἧλίου

158 3272 466 3354 καθάπερ
525 3270 752 3358 ἱμονιᾷ
808 3294 942 3337 τινι
998 3267 1116 3354 τὴν
1163 3269 1408 3354 ἰκμάδα
1470 3268 1539 3337 ἐκ
1582 3274 1701 3359 τῆς
1743 3271 2088 3359 θαλάττης
2135 3266 2296 3338 ἆνα-

161 3376 456 3450 σπῶντος
520 3374 632 3438 καὶ
697 3364 953 3438 ἅπασιν
1022 3365 1248 3449 αὑτοῖς
1310 3372 1387 3439 τὸ
1457 3371 1669 3440 ποτὸν
1736 3372 1883 3461 ἑξῆς
1948 3373 2296 3457 διανέμον-

157 3497 280 3551 τος.
357 3480 416 3542 8.
462 3474 582 3563 τὴν
612 3475 732 3558 μὲν
775 3471 902 3559 γὰρ
932 3472 1362 3563 ἐναντιότητα
1406 3478 1538 3539 τῶν
1569 3475 1779 3560 λόγων
1812 3470 2033 3563 ὁπόση
2064 3474 2296 3564 ῥᾴδιον
2332 3488 2369 3543 8

162 3581 594 3661 καταμαθεῖν.
667 3578 780 3642 καὶ
827 3570 1067 3642 σκόπει
1111 3574 1284 3663 πρὸς
1326 3576 1527 3657 Διός,
1582 3576 1641 3643 εἰ
1687 3575 1753 3642 ἐν
1796 3576 2109 3663 γειτόνων
2154 3576 2294 3643 ἐστὶ

163 3675 235 3742 τὰ
267 3680 566 3766 δόγματα
609 3682 720 3746 καὶ
763 3677 854 3767 μὴ
888 3678 1214 3761 πάμπολυ
1262 3678 1682 3767 διεστηκότα·
1728 3681 1966 3766 πρῶτα
2008 3679 2128 3762 μὲν
2172 3678 2297 3765 γὰρ

89 3772 380 3861 τὸθαύτοῖς
438 3777 473 3867 ἦ
537 3783 697 3866 περὶ
751 3784 870 3847 τοῦ
923 3780 1174 3865 κόσμου
1229 3780 1453 3869 γνώμη
1512 3780 1864 3869 διάφορος,
1926 3780 1993 3847 εἴ
2035 3806 2108 3867 γε
2158 3796 2299 3861 τοῖς

166 3882 272 3963 μὲν
323 3878 676 3972 ἆγέννητός
731 3908 804 3949 τε
845 3886 957 3951 καὶ
1004 3876 1391 3971 ἀνώλεθρος
1446 3879 1620 3950 εἶναι
1676 3882 1886 3949 δοκεῖ·
1946 3883 2013 3949 οἱ
2072 3884 2143 3950 δὲ
2187 3890 2295 3952 καὶ

169 3985 272 4053 τὸν
327 3984 726 4075 δημιουργὸν
798 3979 1000 4053 αὑτοῦ
1065 3988 1173 4053 καὶ
1230 3989 1348 4075 τῆς
1404 3988 1808 4073 κατασκευῆς
1871 3982 1987 4053 τὸν
2043 3987 2297 4075 τρόπον

263 4097 428 4141 Luciam
455 4096 514 4139 11.
543 4096 584 4140 2.
1927 4091 1987 4141 10
