2750 4534
889 207 1172 260 ΟΝΕΙΡΟΣ
1208 208 1248 258 H
1284 205 1687 263 ΑΛΕΚΤΡΥΩΝ.
2236 205 2353 264 131

102 392 186 443 727
207 375 584 463 ψηγμάτων
629 367 810 463 ἥκειν
854 375 922 454 ἐς
965 376 1160 443 τόνδε
1203 375 1321 444 τὸν
1364 381 1515 461 βίον
1572 375 1643 453 ἐξ
1684 375 1933 443 ἐκείνου
1980 373 2362 442 ἐπισιτισά-

200 502 442 561 μενος,
486 472 659 543 ἀλλὰ
706 480 818 543 καὶ
863 484 932 545 τί
960 476 1130 561 μετὰ
1175 481 1374 545 τοῦτο
1422 476 1681 560 ἔσομαι,
1730 477 1911 544 εἰπέ·
1959 476 2135 554 εἰκὸς
2166 478 2237 543 δὲ
2268 476 2361 543 εἰ-

203 581 393 647 δέναι
443 602 537 645 σε.
629 578 688 646 εἰ
716 579 842 665 γάρ
887 607 953 647 τι
985 574 1248 666 ἀγαθὸν
1297 580 1421 668 εἴη,
1470 572 1856 666 ἆπάγξομαι
1900 576 2023 666 ἤδη
2072 573 2365 657 ἀναστὰς

203 676 346 748 ἀπὸ
396 686 518 748 τοῦ
562 682 929 764 παττάλου,
977 676 1077 771 ἐφ’
1131 676 1208 749 οὗ
1257 681 1336 749 σύ
1386 681 1680 771 ἕστηκας.

386 791 483 850 17.
526 788 821 851 ΑΛΕΚ.
907 777 1041 851 Οὖκ
1087 774 1168 850 ὃν
1210 782 1469 868 μάθοις
1522 788 1717 850 τοῦτο
1764 777 2043 873 οὐδεμιᾷ
2083 782 2358 872 μηχανῇ.
2396 796 2462 852 17

203 886 386 972 πλὴν
435 879 605 952 ἀλλὰ
665 886 949 972 ἐπείπερ
995 882 1348 974 Εὔφορβος
1394 885 1708 974 ἐγενόμην
1752 924 1834 934 -
1881 885 2193 970 ἐπάνειμι
2235 884 2360 971 γὰρ

205 983 322 1056 ἐπ’
363 990 579 1055 ἐκεῖνα
630 1026 704 1037 -
756 988 1090 1077 ἐμαχόμην
1123 986 1241 1055 ἐπ’
1267 983 1444 1075 Ἰλίῳ
1487 992 1599 1055 καὶ
1631 983 2005 1056 ἀποθανών
2042 984 2176 1056 ’ὖπό
2210 994 2361 1053 Με-

207 1086 412 1159 νέλεω
453 1091 672 1177 χρόνῳ
717 1084 992 1178 ὕστερον
1033 1090 1099 1169 ἐς
1127 1090 1545 1178 Πυθαγόραν
1588 1085 1766 1182 ἧκον.
1857 1094 2022 1169 τέως
2067 1091 2138 1157 δὲ
2170 1116 2362 1177 περι·

206 1200 444 1279 έμενον
476 1194 704 1272 ἄοικος
747 1198 857 1262 καὶ
891 1188 1212 1274 ἀνέστιος,
1263 1189 1413 1280 ἐτ’χρι
1445 1192 1523 1282 δὴ
1559 1189 1594 1261 ὅ
1631 1194 2039 1282 Μνήσαρχος
2070 1193 2362 1279 ἐξειργά-
2448 1248 2453 1253 .

205 1296 352 1377 ζετό
400 1321 521 1378 μοι
569 1294 689 1362 τὸν
735 1292 932 1362 οἶκον.

380 1403 585 1464 ΜΙΚ.
647 1393 944 1478 Ἄσιτος,
993 1382 1046 1461 ῶ
1090 1396 1230 1479 τάν,
1276 1400 1389 1463 καὶ
1436 1393 1726 1479 ὅποτοςς

380 1504 676 1566 ΑΛΕΚ.
767 1503 900 1566 Καὶ
946 1499 1160 1583 μάλα·
1223 1492 1376 1566 οὐδὲ
1433 1498 1558 1586 γὰρ
1610 1500 1746 1568 ἔδει
1787 1499 2041 1569 τούτων
2094 1489 2135 1585 ἢ
2178 1499 2361 1586 μόνῳ

203 1629 300 1689 τῳ
350 1604 634 1685 σώματι.

384 1709 586 1770 ΜΙΚ.
674 1698 926 1771 Οὐκοῦν
970 1702 1054 1770 τὰ
1089 1704 1156 1769 ἐν
1180 1698 1355 1791 Ἰλίῳ
1400 1730 1519 1788 μοι
1550 1708 1820 1793 πρῶτον
1854 1704 2021 1772 εἰπέ.
2086 1706 2364 1770 τοιαῦτα

204 1792 288 1895 ἦν
334 1806 448 1872 οἷά
496 1828 701 1894 φησιν
730 1798 1022 1894 (Όμηρος
1065 1810 1388 1892 γενέσθαι
1433 1799 1639 1888 αὐτάς

383 1911 680 1974 ΑΛΕΚ.
783 1907 1022 1974 Πόθεν
1079 1907 1322 1986 ἐκεῖνος
1391 1901 1758 1997 ἠπίστατο,
1826 1898 1879 1973 ὦ
1935 1907 2226 1989 Μικύλε,
2288 1906 2364 1986 ὃς

104 2015 578 2097 ’128γινομένων
637 2009 902 2077 ἐκείνων
959 2009 1256 2098 κάμηλος
1313 2009 1381 2076 ἐν
1427 2010 1754 2095 Βάκτροις
1797 1996 1908 2099 ἧνς
1965 2010 2089 2097 ἐγὼ
2137 2011 2209 2077 δὲ
2251 2036 2365 2077 το-

209 2112 455 2180 σοῦτόν
502 2119 612 2179 σοί
643 2138 820 2202 φημι
863 2110 1199 2199 ὑπερφυὲς
1242 2113 1449 2201 μηδὲν
1477 2118 1800 2200 γενέσθαι
1842 2116 1997 2180 τότε
2039 2113 2205 2201 μήτε
2248 2113 2366 2181 τὸν

207 2216 491 2281 Αἴαντα
535 2208 709 2283 οῧτω
753 2220 957 2301 μέγαν
1002 2216 1168 2305 μήτε
1224 2214 1345 2297 τὴν
1386 2212 1641 2304 Ἑλένην
1688 2210 1891 2302 αὐτὴν
1946 2209 2119 2282 οὕτω
2163 2216 2366 2304 καλὴν

209 2314 305 2395 ῶς
350 2318 634 2385 οἴονται.
725 2313 903 2385 εἶδον
947 2316 1072 2404 γὰρ
1119 2316 1349 2405 λευκὴν
1400 2322 1521 2401 μέν
1562 2344 1715 2385 τινα
1758 2320 1870 2385 καὶ
1915 2316 2204 2406 ἐπιμήκη
2248 2317 2367 2385 τὸν

208 2420 570 2507 τράχηλον,
647 2415 741 2496 ῶς
805 2419 1078 2500 εἰκάζειν
1150 2420 1384 2487 κύκνου
1457 2424 1797 2506 θυγατέρα
1864 2417 2067 2501 εἶναι,
2141 2420 2225 2487 τὰ
2295 2422 2366 2488 δὲ

211 2520 389 2589 ἄλλα
441 2521 622 2588 πάνυ
678 2526 1042 2608 πρεσβῦτιν
1099 2517 1445 2611 ἡλικιῶτιν
1491 2520 1722 2603 σχεδὸν
1778 2526 1897 2609 τῆς
1934 2518 2234 2608 Ἑκάβης,
2286 2516 2365 2607 ἥν

209 2649 287 2711 γε
336 2622 594 2711 Θησεὺς
653 2627 922 2710 πρῶτον
969 2620 1286 2709 ἁρπάσας
1344 2622 1413 2690 ἐν
1454 2623 1807 2712 Ἀφίδναις
1864 2620 1995 2707 εἶχε
2038 2623 2206 2690 κατὰ
2248 2623 2367 2690 τὸν

209 2727 537 2810 Ηρακλέα
579 2725 946 2811 γενόμενος,
992 2722 1028 2793 ὃ
1079 2720 1142 2792 δ’
1175 2722 1518 2815 εΗρακλῆς
1563 2725 1887 2811 πρότερον
1934 2724 2067 2793 εἷλε
2118 2732 2367 2814 Τροίαν

211 2825 387 2893 κατὰ
417 2825 573 2904 τοὺς
606 2832 907 2913 πατέρας
937 2823 1124 2916 ἡμῶν
1154 2825 1313 2905 τοὺς
1342 2826 1498 2895 τότε
1526 2827 1843 2910 μάλιστα.
1920 2829 2211 2917 διηγεῖτο
2240 2823 2365 2914 γάρ

212 2956 335 3015 μοι
393 2926 428 2994 ὅ
490 2929 816 3007 Πάνθους
872 2934 1084 2996 ταῦτα
1139 2930 1384 3017 κομιδῇ
1438 2931 1783 3021 μειράκιον
1858 2921 1951 2997 ῶν
2008 2930 2369 3017 ἑωρακέναι

215 3036 425 3117 λέγων
469 3029 586 3097 τὸν
623 3027 968 3117 (Ηρακλέα.

389 3139 595 3199 ΜΙΚ.
693 3139 776 3199 Τι’
820 3133 894 3199 δέ
909 3164 928 3216 ,-
985 3130 1020 3200 ὅ
1061 3127 1404 3216 Ἀχιλλεὺς
1446 3138 1750 3213 τοιοῦτος
1794 3121 1905 3224 ἦν,
1968 3131 2240 3220 ἄριστος
2284 3136 2366 3202 τὰ

216 3236 465 3309 πάντα,
511 3226 554 3321 ἢ
595 3239 820 3319 μῦθος
865 3231 1083 3313 ἄλλως
1126 3239 1238 3303 καὶ
1280 3240 1495 3303 ταῦτα
1509 3268 1530 3319 ,-

392 3340 688 3403 ΑΛΕΚ.
769 3330 1028 3423 Ἐκείνῳ
1072 3338 1192 3421 μὲν
1239 3331 1431 3405 οὐδὲν
1488 3344 1925 3429 συνηνέχθην,
1986 3326 2041 3404 ῶ
2084 3338 2367 3420 Μικύλε,

219 3435 368 3507 οὐδ’
423 3430 504 3506 ἂν
549 3438 767 3524 ἔχοιμί
813 3463 922 3506 σοι
968 3432 1255 3525 ἀκριβῶς
1300 3433 1475 3506 οῧτω
1532 3440 1615 3506 τὰ
1662 3440 1849 3525 παρὰ
1895 3454 2037 3519 τοῖς
2070 3438 2371 3523 Ἀχαιοῖς

219 3546 456 3628 λέγειν.
531 3540 758 3607 πόθεν
786 3539 930 3627 γάρ,
979 3542 1303 3625 πολέμιος
1333 3537 1464 3625 dlv,-
1507 3540 1623 3609 τὸν
1667 3547 1899 3625 μέντοι
1942 3541 2206 3629 ἑταῖρον
2254 3538 2369 3609 αὗ-

217 3648 341 3712 τοῦ
396 3641 513 3709 τὸν
559 3642 950 3729 Πάτροκλον
1007 3637 1083 3709 οὖ
1137 3645 1448 3725 χαλεπῶς
1502 3638 1863 3711 ἀπέκτεινα
1908 3644 2219 3723 διελάσας
2273 3650 2371 3732 τῷ

222 3746 483 3832 δόρατι.

119 3863 202 3913 729
395 3850 602 3911 ΜΙΚ.
694 3840 862 3911 Εἶτα
929 3846 1003 3912 σὲ
1068 3843 1102 3913 ὅ
1172 3848 1529 3924 Μενέλεως
1600 3860 1833 3935 μακρῷ
1898 3842 2370 3938 εὐχερέστερον.

223 3947 401 4017 ἀλλὰ
445 3950 661 4013 ταῦτα
704 3946 826 4030 μὲν
873 3948 1130 4030 ἱκανῶς,
1175 3948 1260 4014 τὰ
1308 3949 1718 4035 Πυθαγόρου
1766 3951 1838 4017 δὲ
1882 3946 2003 4040 ἤδη
2053 3953 2215 4039 λέγε.

1996 4054 2070 4107 9*
