2750 4534
946 286 1228 340 ΤΟΞΑΡΙΣ
1261 286 1306 338 H
1340 285 1543 338 ΦΙΛΙΑ.
2245 278 2335 336 53.

690 690 758 770 Τ
782 688 1232 772 ΟΞΑΡΙΣ
1287 690 1378 768 Η
1438 688 1803 770 ΦΙΛΙΑ.

347 867 402 926 1.
451 865 910 926 ΜΝΗΣΙΠΠ
923 863 1054 927 οΣ.
1130 864 1215 925 Τι
1259 857 1427 946 φής,
1472 844 1525 925 ὦ
1580 858 1863 942 mejam,-
1906 856 2110 924 θύετε
2143 851 2331 943 ὀρέ-
2365 866 2399 919 1

162 985 288 1048 στῃ
351 963 464 1027 καὶ
506 961 789 1048 Πυλάδῃ
833 956 1025 1044 ὑμεῖς
1069 961 1134 1026 οἱ
1179 959 1445 1027 Σκύθαι
1487 963 1599 1027 καὶ
1652 959 1857 1038 θεοὺς
1903 957 2074 1028 εἶναι
2119 985 2334 1027 πεπι-

166 1063 495 1130 στεύκατε
540 1057 816 1146 αὐτούς,

63 1182 144 1233 508
351 1167 776 1238 ΤΟΞΑΡΙΣ.
857 1164 1154 1248 Θύομεν,
1207 1149 1262 1228 ὦ
1306 1163 1713 1250 Μνήσιππε,
1758 1165 2035 1248 θύομεν,
2083 1158 2159 1233 οὗ
2203 1163 2333 1253 μὴν

163 1267 380 1344 θεούς
421 1293 494 1353 γε
538 1267 838 1350 οἰόμενοι
883 1263 1078 1346 εἶναι,
1126 1264 1296 1331 ἀλλὰ
1346 1264 1592 1349 ἄνδρας
1637 1260 1960 1352 ἀγαθούς.

343 1375 646 1435 ΜΝΗΣ.
723 1368 958 1452 Νόμος
1004 1368 1077 1435 δὲ
1121 1364 1275 1451 ύμῖν
1317 1370 1432 1434 καὶ
1478 1362 1798 1450 ἀνδράσιν
1835 1362 2123 1453 ἀγαθοῖς
2155 1361 2332 1433 ἀπο-

163 1475 465 1538 θανοῦσι
509 1472 706 1537 θύειν
752 1464 984 1556 ὥσπερ
1026 1475 1257 1553 θεοῖς,·

348 1575 551 1645 ΤΟΞ.
630 1566 724 1638 Or}
769 1571 1004 1656 μόνον,
1065 1566 1236 1637 ἀλλὰ
1293 1573 1407 1638 καὶ
1453 1570 1715 1656 ἑορταῖς
1765 1573 1873 1638 καὶ
1923 1570 2332 1658 πανηγύρεσι

167 1679 470 1759 τιμῶμεν
519 1668 778 1751 αύτούς.

343 1780 644 1841 ΜΝΗΣ.
728 1779 813 1841 Τί
842 1773 1232 1862 θηρώμενοι
1260 1766 1433 1858 παρ’
1489 1766 1745 1856 αὐτῶν,
1788 1766 1864 1839 οὗ
1909 1772 2034 1859 γὰρ
2080 1772 2159 1859 δὴ
2208 1766 2322 1839 ἐπ’

167 1872 480 1965 εὐμενείᾳ
522 1876 728 1944 θύετε
774 1871 1021 1957 αὐτοῖς,
1069 1888 1321 1962 νεκροῖς
1363 1899 1438 1960 γε
1484 1871 1693 1942 οὖσιν.

353 1980 555 2050 ΤΟΞ.
623 1971 718 2044 01²2
760 1990 983 2062 χεῖρον
1018 1977 1186 2060 μέν’
1171 1976 1354 2057 ι’σως,
1402 1975 1463 2042 εἰ
1491 2001 1599 2042 και
1648 1976 1715 2042 οἱ
1761 1979 1975 2062 νεκροὶ
2022 1973 2179 2064 ἡμῖν
2226 1969 2335 2040 εὖ-

166 2093 392 2164 μενεῖς
438 2076 602 2146 εἶεν·
661 2105 736 2145 ου
781 2079 913 2164 μὴν
971 2071 1138 2144 ἀλλὰ
1183 2081 1295 2144 καὶ
1349 2103 1521 2163 προς
1564 2077 1721 2157 τοὺς
1766 2078 2012 2158 ζῶντας
2060 2103 2331 2162 αμεινον

170 2183 470 2268 οἰόμεθα
517 2180 798 2266 πράξειν
841 2185 1248 2269 μεμνημένοι
1291 2183 1425 2247 τῶν
1463 2174 1776 2264 ἀρίστων,
1822 2185 1933 2248 καὶ
1963 2180 2327 2263 τιμώμενοι

172 2279 688 2361 ἀποθανόντας·
763 2279 1115 2367 ἡγούμεθα
1180 2282 1308 2367 γὰρ
1377 2275 1589 2360 ούτως
1652 2308 1732 2348 αν
1806 2278 1965 2371 ἡμῖν
2040 2281 2332 2360 πολλοὺς

171 2383 452 2469 ὁμοίους
497 2379 724 2462 αὐτοῖς
769 2383 1092 2473 ἐθελῆσαι
1136 2389 1477 2470 γενέσθαι.

77 2501 154 2551 509
345 2493 402 2554 2.
469 2492 770 2552 ΜΝΗΣ.
849 2480 1055 2552 Ἀλλὰ
1127 2490 1338 2553 ταῦτα
1410 2489 1530 2569 μὲν
1602 2479 1832 2570 ὀρθῶς
1913 2486 2324 2570 γιγνώσκετε.
2361 2486 2399 2541 2

162 2583 478 2676 Ὀρέστην
523 2589 596 2655 δὲ
625 2591 736 2655 καὶ
782 2587 1102 2675 Πυλάδην
1131 2593 1315 2666 τίνος
1358 2587 1654 2671 μάλιστα
1685 2581 2160 2669 θαυμάσαντες
2192 2586 2331 2652 ἰσο-

171 2696 381 2768 θέους
439 2688 894 2776 ἐποιήσασθε,
952 2692 1063 2756 καὶ
1119 2693 1329 2756 ταῦτα
1375 2689 1714 2777 ἐπήλυδας
1756 2685 1913 2772 ὑμῖν
1955 2683 2173 2768 ὄντας,
2218 2691 2328 2754 καὶ

171 2793 242 2858 τὸ
293 2796 610 2877 μέγιστον
655 2793 1059 2876 πολεμίους,·
1116 2792 1187 2858 οἵ
1224 2816 1328 2877 γε,
1388 2791 1536 2858 ἐπεὶ
1586 2794 1765 2878 σφᾶς
1810 2797 2091 2880 ναυαγίᾳ
2136 2816 2332 2874 περι-

171 2893 510 2971 πεσόντας
577 2894 641 2959 οἱ
707 2893 861 2960 τότε
926 2893 1191 2960 Σκύθαι
1257 2893 1698 2978 συλλαβόντες
1765 2890 2023 2982 ἀπῆγον
2092 2889 2184 2972 ὥς
2247 2898 2332 2982 τῇ

162 2988 507 3080 Ἀρτέμιδι
579 2994 1109 3075 καταθύσοντες,
1185 2993 1584 3077 ἐπιθέμενοι
1660 3007 1802 3072 τοῖς
1875 2993 2329 3082 δεσμοφύλαξι
2378 3034 2383 3038 -

170 3101 280 3164 καὶ
341 3099 464 3182 τῆς
529 3099 828 3183 φρουρᾶς
895 3094 1456 3183 ἐπικρατήσαντες
1518 3095 1637 3162 τόν
1691 3121 1765 3161 τε
1817 3098 2101 3180 βασιλέα
2156 3103 2333 3162 κτεί-

171 3219 364 3264 νουσι
408 3198 516 3264 καὶ
562 3197 680 3285 τὴν
718 3197 967 3281 ἱέρειαν
998 3196 1524 3283 παραλαβόντες,
1572 3191 1741 3262 ἀλλὰ
1787 3201 1900 3264 καὶ
1945 3197 2062 3286 τὴν
2092 3193 2331 3280 ’Ἀρτε-

169 3326 283 3382 μιν
341 3293 548 3388 αὐτὴν
606 3293 1156 3384 ἀποσυλήσαντες
1215 3294 1465 3384 ᾤχοντο
1512 3293 2005 3380 ἀποπλέοντες,
2058 3323 2331 3384 καταγε-

174 3401 500 3477 λάσαντες
555 3402 674 3465 τοῦ
732 3403 957 3466 κοινοῦ
1012 3404 1144 3467 τῶν
1200 3404 1501 3466 Σκυθῶν.
1604 3393 1775 3466 ὥστε
1834 3399 1893 3466 εἰ
1952 3399 2064 3465 διὰ
2121 3402 2331 3464 ταῦτα

80 3507 412 3585 Μοτιμᾶτε
478 3501 633 3580 τοὺς
702 3497 978 3586 ἄνδρας,
1048 3495 1164 3568 οὐκ
1232 3493 1312 3568 ἀν
1381 3501 1718 3590 φθάνοιτε
1781 3499 2073 3578 πολλοὺς
2137 3497 2333 3584 ὅμοί-

173 3629 288 3682 ους
354 3597 580 3681 αὐτοῖς
647 3603 1178 3689 ἐξεργασάμενοι.
1287 3607 1399 3670 καὶ
1472 3603 1870 3670 τούντεῦθεν
1947 3597 2135 3668 αὐτοὶ
2205 3597 2330 3691 ἤδη

173 3705 346 3790 πρὸς
391 3703 474 3770 τὰ
511 3703 774 3772 παλαιὰ
821 3719 1151 3786 σκοπεῖτε,
1201 3705 1260 3771 εἰ
1289 3706 1506 3782 καλῶς
1552 3705 1684 3786 ἔχει
1727 3700 1882 3787 ὗμῖν
1927 3702 2219 3781 πολλοὺς
2266 3704 2333 3782 ἐς

172 3807 289 3892 τὴν
337 3811 636 3874 Σκυθίαν
672 3801 988 3889 Ὀρέστας
1046 3810 1158 3874 καὶ
1201 3807 1526 3885 Πυλάδας
1567 3811 1929 3890 καταίρειν.
2018 3804 2167 3889 ἐμοὶ
2210 3807 2335 3891 μὲν

173 3906 296 3990 γὰρ
357 3907 612 3974 δοκεῖτε
667 3907 948 3990 τάχιστα
1007 3898 1087 3974 ἀν
1146 3901 1356 3986 οὕτως
1414 3901 1678 3991 ἀσεβεῖς
1734 3902 1924 3973 αὐτοὶ
1969 3911 2080 3976 καὶ
2126 3902 2330 3973 ἄθεοι

172 4015 493 4091 γενέσθαι
549 4013 680 4076 τῶν
741 4012 1165 4096 περιλοίπων
1210 4013 1395 4076 θεῶν
1450 4007 1569 4075 τὸν
1630 4002 1831 4076 αὐτὸν
1873 4009 2130 4093 τρόπον
2175 4005 2333 4093 ύμῖν
