2750 4534
971 250 1250 304 ΤΟΞΑΡΙΣ
1286 249 1328 301 H
1365 248 1561 301 ΦΙΛΙΑ.
2277 249 2357 307 75

177 421 373 509 πρὸς
433 422 618 499 οἳόυς
674 416 922 507 ἄνδρας
978 420 1047 486 ἐκ
1105 421 1529 507 παρασκευῆς
1572 421 1971 501 μαχοῦνται,
2031 419 2091 486 εἷ
2135 422 2243 486 καὶ
2293 419 2361 485 ἐν

177 527 288 610 τῷ
339 517 828 612 ἀπροσδοκήτῳ
886 522 1041 589 τότε
1084 521 1478 608 ὑπερέσχον·
1539 512 1715 586 ὥστε
1767 519 1999 599 νυκτὸς
2056 521 2361 608 ἐπιγενο-

179 631 398 710 μένης
443 619 900 701 ἀπολιπόντες
952 623 1036 690 τὰ
1084 625 1371 690 πλεῖστα
1414 626 1549 688 τῶν
1590 623 2033 710 βοσκημάτων
2077 628 2187 692 καὶ
2233 623 2356 703 τὰς

183 725 463 811 ἁμάξας
521 726 982 814 ἐμπρήσαντες
1043 721 1293 813 ᾤχοντο
1349 724 1727 812 φεύγοντες.
1800 722 1834 792 ὃ
1882 731 2112 810 μέντοι
2160 721 2358 811 Ἀμι-

180 829 407 918 ζώκης
453 823 666 896 οὖκέτι
714 822 1023 916 ἠνέσχετο
1065 830 1342 914 βλέπειν
1389 821 1592 905 αύτὸς
1638 826 1753 894 ἐπὶ
1783 830 2019 916 τυφλῷ
2048 832 2145 916 τῷ
2174 835 2357 896 Δαν-

183 926 470 1016 δάμιδι,
549 926 720 997 ἀλλὰ
785 930 1147 1015 τυφλώσας
1219 933 1332 997 καὶ
1402 923 1603 1008 αύτὸς
1674 928 1912 996 ἑαυτὸν
1980 924 2358 1019 ἀμφότεροι

179 1029 534 1120 κάθηνται
599 1029 732 1100 ὕπὸ
801 1035 921 1099 τοῦ
985 1036 1210 1100 κοινοῦ
1281 1035 1416 1098 τῶν
1482 1035 1765 1098 Σκυθῶν
1830 1033 2123 1121 δημοσίᾳ
2187 1033 2356 1117 μετὰ

181 1136 424 1223 πάσης
465 1139 664 1224 τιμῆς
705 1135 1127 1253 τρεφόμενοι.

371 1244 473 1304 42.
529 1243 613 1303 Τί
641 1240 966 1317 τοιοῦτον,
1014 1263 1066 1301 ω
1100 1236 1505 1324 Μνήσιππε,
1538 1232 1726 1319 ὑμεῖς
1759 1235 1973 1318 ε’χοιτε
2004 1226 2084 1302 ἀν
2116 1236 2353 1316 εἰπεῖν,
2386 1245 2459 1300 42

59 1354 160 1403 550
183 1338 252 1404 εἰ
282 1340 400 1404 καὶ
433 1333 675 1416 άλλους
721 1361 831 1404 σοι
863 1339 1020 1404 δέκα
1051 1338 1200 1425 δοίη
1246 1362 1350 1415 τις
1383 1337 1498 1404 ἐπὶ
1528 1349 1673 1414 τοῖς
1704 1341 1903 1403 πέντε
1932 1338 2357 1424 καταριθμή-

183 1445 462 1505 σασθαι
521 1433 878 1563 ἀνωμότῳ,
942 1437 1003 1504 εἰ
1055 1438 1314 1523 βούλει,
1375 1434 1470 1516 ώς
1515 1440 1623 1504 καὶ
1674 1435 1897 1503 πολλὰ
1955 1436 2357 1522 ἐπιψεύδοιο

125 1547 138 1560 “
185 1535 460 1622 αὗτοῖςς
524 1546 747 1608 καίτοι
805 1539 930 1626 ἐγώ
987 1546 1109 1624 μέν
1179 1563 1287 1607 σοι
1344 1539 1591 1624 γυμνὸν
1656 1537 1731 1605 τὸ
1790 1538 1979 1624 ε’ργον
2014 1540 2358 1660 διηγησά-

184 1661 358 1729 μην·
422 1643 481 1708 εἰ
527 1643 597 1708 δὲ
656 1641 734 1708 σύ
780 1667 932 1709 τινα
977 1645 1281 1709 τοιοῦτον
1328 1641 1576 1726 ε’λεγες,
1638 1626 1708 1708 εῦ
1756 1637 1940 1720 οἶδα,
2000 1637 2230 1708 ὁπόσα
2278 1669 2358 1707 αν

182 1744 426 1830 κομψὰ
487 1744 914 1831 ἐγκατέμιξας
969 1770 1063 1830 τῳ
1126 1743 1328 1830 λόγω,
1400 1743 1511 1810 οἶα
1573 1745 1855 1810 ἱκέτευεν
1910 1739 1944 1808 ὃ
2006 1744 2358 1828 Δάνδαμις

188 1850 310 1914 καὶ
356 1843 448 1924 ὥς
478 1846 843 1934 ἐτυφλοῦτο
888 1850 996 1914 καὶ
1047 1845 1090 1912 ἃ
1121 1843 1274 1913 εἶπε
1317 1851 1432 1912 καὶ
1462 1843 1553 1924 ὥς
1586 1846 1869 1932 ἐπανῆκε
1916 1851 2024 1914 καὶ
2069 1842 2161 1924 ὥς
2190 1842 2357 1913 ῦπε-

191 1949 474 2027 δέξαντο
521 1947 718 2016 αὐτὸν
768 1948 1307 2038 ἐπευφημοῦντες
1352 1950 1418 2014 οι
1464 1948 1725 2016 Σκύθαι
1771 1951 1883 2016 καὶ
1928 1944 2100 2016 αλλα
2144 1945 2357 2016 οποῖα

189 2052 386 2133 υμεῖς
413 2054 851 2138 μηχανᾶσθαι
897 2049 1192 2116 εἰώθατε
1236 2048 1411 2135 πρὸς
1440 2047 1559 2135 τὴν
1592 2043 1934 2134 ἀκρόασιν.
2010 2056 2111 2118 43.
2163 2073 2358 2117 ακουε
2388 2059 2462 2113 43

194 2145 257 2218 δ’
317 2149 432 2217 ούν
489 2155 601 2218 καὶ
661 2146 863 2217 αλλον
918 2150 1254 2235 ἰσότιμον,
1317 2153 1643 2218 Βελίτταν
1686 2145 2059 2235 Ἀμιζώκου
2117 2152 2356 2219 τούτου

192 2253 515 2339 ανεψιόν·
561 2251 637 2332 ὃς
668 2252 819 2320 ἐπεὶ
853 2259 1427 2320 κατασπασθέντα
1472 2252 1540 2319 ἐκ
1568 2257 1688 2320 τοῦ
1718 2255 1942 2320 ι’ππου
1984 2251 2119 2320 ῦπὸ
2172 2256 2356 2321 λέον-

186 2380 304 2434 τος
334 2352 474 2421 εἶδε
507 2355 792 2444 Βάσθην
835 2355 953 2422 τὸν
987 2358 1186 2442 φίλον
1224 2393 1297 2404 -
1334 2349 1474 2440 ἅμα
1521 2356 1593 2422 δὲ
1625 2355 1851 2439 ἔτυχον
1884 2360 2229 2444 θηρῶντες
2273 2395 2358 2403 -

185 2459 302 2524 καὶ
347 2451 472 2543 ἤδη
523 2454 558 2524 ὁ
610 2459 776 2524 λε’ων
820 2459 1262 2546 περιπλακεὶς
1307 2452 1492 2542 αὐτῷ
1537 2451 1936 2545 ἐνεπεφύκει
1991 2461 2090 2541 τῷ
2135 2459 2357 2544 λαιμῷ

185 2561 304 2626 καὶ
348 2573 494 2636 τοῖς
537 2554 762 2638 ὄνυξιν
807 2553 1220 2639 ἐσπάραττε,
1272 2558 1756 2648 καταπηδήσας
1800 2561 1910 2624 καὶ
1958 2552 2158 2635 αὐτὸς
2204 2552 2357 2624 ἐπι-

187 2667 437 2727 πίπτει
496 2660 786 2727 κατόπιν
851 2665 949 2747 τῴ
995 2667 1220 2748 θηρίῳ
1271 2663 1384 2728 καὶ
1443 2665 1816 2746 περιέσπα,
1885 2658 2061 2747 πρὸς
2119 2658 2357 2728 ἑαυτὸν

188 2761 587 2848 παροξύνων
653 2764 763 2830 καὶ
821 2763 1126 2849 μετάγων
1193 2766 1303 2830 καὶ
1373 2761 1487 2830 διὰ
1557 2766 1691 2829 τῶν
1747 2756 2041 2829 ὀδόντων
2108 2763 2353 2846 μεταξὺ

189 2865 464 2948 διείρων
506 2862 664 2943 τοὺς
712 2861 1074 2944 δακτύλους
1119 2869 1229 2932 καὶ
1275 2866 1393 2932 τὸν
1442 2865 1763 2954 Βάσθην,
1812 2861 1903 2943 ὥς
1948 2863 2092 2932 οἶόν
2136 2889 2211 2931 τε
2254 2851 2353 2952 ἦν,

186 2962 534 3043 ὑπεξελεῖν
599 2965 1018 3050 πειρώμενος
1084 2971 1201 3033 τοῦ
1269 2960 1637 3054 δήγματος·
1715 2962 1868 3050 ὂῖχρι
1934 2965 2011 3052 δὴ
2084 2963 2119 3033 ὁ
2191 2968 2358 3033 λέων

190 3063 395 3155 ἀφεὶς
426 3067 672 3136 ἐκεῖνον
716 3065 1064 3157 ἡμιθνῆτα
1107 3064 1232 3157 ἤδη
1269 3067 1385 3136 ἐπὶ
1430 3069 1547 3136 τὸν
1580 3072 1905 3136 Βελίτταν
1954 3064 2354 3156 ἀπεστράφη

186 3173 300 3236 καὶ
371 3172 787 3254 συμπλακεὶς
860 3168 1207 3238 ἀπέκτεινε
1272 3165 1601 3239 κάκεῖνον·
1670 3169 1705 3238 ὁ
1772 3171 1844 3238 δὲ
1904 3164 2358 3256 ἀποθνήσκων

187 3273 264 3339 τὸ
313 3275 473 3358 γοῦν
516 3275 836 3338 τοσοῦτον
890 3271 1074 3360 ἔφθη
1124 3272 1431 3351 πατάξας
1487 3277 1584 3359 τῷ
1632 3267 1905 3360 ἀκινάκῃ
1963 3272 2079 3340 τὸν
2126 3273 2357 3338 λέοντα

190 3377 258 3452 ἐς
313 3372 389 3440 τὸ
452 3379 760 3458 στέρνον,
821 3367 994 3440 ὥστε
1049 3374 1188 3458 ἅμα
1249 3375 1501 3453 πάντες
1546 3370 1936 3454 ἀπέθανον,
1995 3378 2105 3442 καὶ
2170 3370 2359 3458 ἡμεῖς

82 3491 172 3543 551
193 3475 559 3560 ἐθάψαμεν
606 3471 849 3554 αύτούς
896 3476 1014 3543 δύο
1059 3476 1319 3563 τάφους
1365 3472 1826 3560 ἀναχώσαντες
1872 3478 2195 3563 πλησίον,
2245 3475 2359 3542 ἕνα

189 3579 311 3662 μὲν
356 3581 492 3644 τῶν
538 3581 776 3666 φίλων,
826 3577 942 3645 ἕνα
988 3579 1060 3645 δὲ
1106 3579 1500 3666 καταντικρὺ
1547 3583 1665 3646 τοῦ
1714 3580 1995 3654 λέοντος.

364 3687 468 3747 44.
551 3686 798 3768 Τρίτην
853 3681 928 3746 δέ
987 3703 1098 3747 σοι
1159 3681 1595 3770 διηγήσομαι,
1659 3667 1715 3746 ὦ
1761 3678 2176 3766 Μνήσιππε,
2237 3678 2353 3766 τὴν
2386 3684 2463 3738 44

191 3788 552 3850 Μακέντου
612 3784 852 3869 φιλίαν
909 3787 1021 3849 καὶ
1078 3783 1437 3869 Λογχάτου
1496 3786 1605 3851 καὶ
1656 3776 2064 3865 Ἀρσακόμα.
2140 3777 2174 3848 ὅ
2233 3781 2359 3866 γὰρ

182 3881 611 3972 Ἀρσακόμας
672 3879 867 3963 οὗτος
909 3879 1182 3973 ἠράσθη
1231 3885 1554 3966 Μαζαίας
1606 3889 1722 3974 τῆς
1765 3885 2198 3971 Λευκάνορος
2239 3888 2359 3950 τοῦ

187 3986 714 4074 βασιλεύσαντος
769 3986 838 4053 ἐν
885 3988 1250 4074 Βοσπόρῳ,
1312 3984 1525 4055 ὁπότε
1571 3987 1965 4073 ἐπρέσβευεν
2021 3983 2192 4072 ὑπὲρ
2238 3990 2359 4052 τοῦ
