2750 4534
951 216 1506 271 ΙΚΑΡΟΜΕΝῘΠΠΟΣ.
2178 218 2299 275 157

121 400 311 469 χαῖς,
361 385 474 453 ἐπὶ
521 384 638 452 τὸν
684 386 834 477 ἑξῆς
876 385 1171 470 μεταβὰς
1213 387 1467 472 θρόνον
1510 391 1622 455 καὶ
1664 386 1783 473 τὴν
1815 388 2126 472 δευτέραν
2171 393 2301 454 θυ-

127 488 304 571 ρίδα
346 487 738 574 κατακύψας
787 502 931 567 τοῖς
987 480 1211 574 ὅρκοις
1257 487 1565 571 ἐσχόλαζε
1618 492 1729 557 καὶ
1775 502 1917 567 τοῖς
1960 483 2299 572 ὀμνύουσι.

124 597 561 679 χρηματίσας
625 591 866 657 δὲκαὶ
923 590 1188 668 τούτοις
1242 594 1354 657 καὶ
1412 589 1529 657 τὸν
1565 584 2017 674 Ἐπικούρειον
2069 587 2299 675 Ἑρμό·-

132 693 368 775 δωρον
413 692 787 776 ἐπιτρίψας
830 691 1309 775 μετεκαθέζετο
1342 690 1460 760 ἐπὶ
1503 691 1621 759 τὸν
1656 692 1804 782 ἑξῆς
1849 692 2099 777 θρόνον
2142 696 2297 779 κλη-

129 788 298 861 δόσι
345 797 457 861 καὶ
491 796 749 883 φήμαις
792 798 900 862 καὶ
942 794 1207 873 οἰωνοῖς
1253 794 1623 881 προσέξων.
1700 789 1825 862 εἶτ’
1878 795 2137 863 ἐκεῖθεν
2184 794 2298 863 ἐπὶ

131 896 264 984 τὴν
323 900 459 962 τῶν
501 900 764 963 θυσιῶν
820 897 1077 979 θυρίδα
1127 896 1388 985 μετήει,
1452 890 1545 965 δι’
1597 890 1675 984 ἧς
1719 893 1753 965 o‘
1800 894 2052 976 καπνός
2096 890 2298 963 ἀνιῶν

135 999 524 1085 απήγγελλε
567 1002 664 1085 τῷ
707 1002 826 1065 Διὶ
871 1004 991 1065 τοῦ
1047 999 1338 1077 θύοντος
1382 997 1662 1067 ἑκάστου
1720 995 2035 1084 τούνομα.
2125 994 2298 1065 ἀπο-

138 1101 312 1180 στὰς
361 1102 433 1168 δὲ
477 1102 732 1169 τούτων
778 1107 1190 1185 προσέταττε
1243 1115 1389 1180 τοῖς
1435 1097 1705 1186 ἀνέμοις
1748 1106 1859 1170 καὶ
1903 1116 2053 1181 ταῖς
2096 1127 2304 1187 ωραις

138 1203 181 1269 ἃ
232 1206 344 1271 δεῖ
384 1219 642 1271 ποιεῖν·
697 1204 996 1291 Τήμερον
1040 1202 1228 1289 παρὰ
1273 1204 1572 1283 Σκύθαις
1611 1200 1801 1285 ὖέτω,
1846 1196 2038 1291 παρὰ
2080 1205 2302 1289 Λίβυ-

139 1329 255 1372 σιν
313 1299 788 1391 ἀστραπτέτω,
847 1298 1015 1391 παρ’
1051 1298 1322 1392 Ἕλλησι
1376 1311 1657 1394 νιφέτω,
1719 1306 1798 1373 σὺ
1846 1306 1918 1372 δὲ
1962 1302 1997 1373 ὃ
2047 1312 2304 1393 Βορέας

139 1412 444 1474 πνεῦσον
502 1407 571 1475 ἐν
616 1408 883 1497 Λυδίᾳ,
945 1431 1024 1473 συ
1085 1407 1157 1474 δὲ
1214 1404 1253 1475 ὃ
1312 1408 1537 1486 Νότος
1592 1405 1869 1497 ἡσυχίαν
1927 1433 2074 1493 αγε,
2132 1406 2166 1474 0‘
2232 1408 2303 1475 δὲ

140 1516 460 1598 Ζέφυρος
531 1508 652 1577 τὸν
702 1508 972 1597 Ἀδρίαν
1049 1510 1565 1595 διακυμαινέτω,
1645 1512 1755 1577 καὶ
1828 1514 1945 1599 τῆς
2013 1510 2303 1599 χαλάζης

139 1605 312 1679 ὅσον
379 1612 690 1696 μέδιμνοι
743 1614 949 1695 χίλιοι
1019 1612 1705 1702 διασκεδασθήτωσαν
1770 1609 1941 1697 ὑπὲρ
1998 1620 2303 1678 Καππα-

143 1717 402 1794 δοκίας.

325 1822 428 1883 27.
468 1815 822 1883 Ἁπάντων
867 1816 938 1883 δὲ
983 1811 1104 1905 ἤδη
1153 1814 1391 1899 σχεδὸν
1428 1809 1607 1902 αὐτῷ
1653 1816 2073 1936 διῳκημένων
2119 1810 2300 1905 ἀπῄ-
2330 1823 2401 1877 27

146 1944 336 2003 ειμεν
381 1916 448 1996 ἐς
489 1918 565 1985 τὸ
617 1917 1027 2002 συμπόσιον·
1089 1918 1363 1984 δείπνου
1408 1916 1533 2005 γὰρ
1578 1913 1702 2007 η’δη
1747 1917 1979 2005 καιρὸς
2021 1904 2133 2008 ἦν·
2188 1924 2302 1985 καί

143 2047 228 2103 με
291 2016 330 2089 ὅ
371 2016 605 2107 Ἑρμῆς
661 2018 1076 2105 παραλαβὼν
1134 2022 1471 2086 κατέκλινε
1527 2020 1714 2105 παρὰ
1774 2019 1889 2087 τὸν
1934 2024 2135 2088 Πᾶνα
2189 2022 2301 2087 καὶ

143 2123 264 2191 τὸν
327 2122 726 2208 Κορύβαντα
782 2126 892 2189 καὶ
951 2121 1068 2189 τὸν
1108 2117 1338 2189 ’Ἀττιν
1395 2125 1505 2188 καὶ
1566 2121 1685 2189 τὸν
1729 2122 2090 2207 Σαβάζιον,
2148 2122 2303 2200 τοὺς

147 2233 500 2308 μετοίκους
557 2224 831 2301 τούτους
884 2227 995 2291 καὶ
1043 2219 1464 2312 ἀμφιβόλους
1517 2225 1737 2303 θεούς.
1829 2228 1939 2291 καὶ
1986 2220 2186 2309 ἄρτον
2230 2225 2303 2292 δὲ

57 2324 186 2413 784ἡ
219 2328 547 2417 Δημήτηρ
593 2340 872 2412 παρεῖχε
915 2330 1024 2395 καὶ
1071 2324 1106 2393 ὁ
1147 2327 1484 2405 Διόνυσος
1528 2324 1710 2394 οἶνον
1750 2332 1862 2395 καὶ
1907 2324 1941 2395 ὅ
1980 2324 2303 2416 Ἡρακλῆς

147 2435 314 2517 κρέα
367 2432 481 2496 καὶ
536 2428 754 2513 μύρτα
811 2422 1255 2517 ἡἈφροδίτη
1309 2431 1422 2495 καὶ
1478 2425 1513 2495 ὁ
1560 2428 1911 2496 Ποσειδῶν
1965 2430 2301 2512 μαινίδας.

152 2524 299 2616 ἅμα
345 2531 416 2598 δὲ
460 2535 572 2598 καὶ
607 2534 724 2616 τῆς
770 2524 1142 2619 ἀμβροσίας
1177 2524 1391 2619 ἠρέμα
1433 2534 1543 2597 καὶ
1574 2534 1693 2597 τοῦ
1738 2536 2047 2616 νέκταρος
2090 2556 2302 2616 παρε-

150 2633 472 2722 γευόμην·
549 2630 582 2699 o‘
653 2632 777 2720 γὰρ
842 2636 1187 2717 βέλτιστος
1245 2631 1638 2721 Γανυμήδης
1701 2629 1836 2699 ὑπὸ
1906 2636 2301 2720 φιλανθρω-

153 2744 324 2813 πίας
371 2735 431 2802 ez
473 2733 808 2802 θεάσαιτο
846 2728 1324 2819 ἀποβλέποντά
1368 2760 1493 2801 ποι
1535 2735 1653 2803 τὸν
1696 2740 1852 2816 Δία,
1897 2734 2176 2823 κοτύλην
2222 2726 2303 2802 ἀν

151 2829 191 2924 ἢ
237 2840 354 2903 καὶ
387 2837 504 2904 δύο
547 2848 666 2904 τοῦ
696 2842 1008 2922 νέκταρος
1053 2836 1256 2919 ἐνέχει
1289 2862 1409 2920 μοι
1454 2841 1697 2925 φέρων.
1772 2838 1838 2903 οἱ
1886 2837 1958 2904 δὲ
1986 2843 2165 2919 θεοί,
2212 2834 2305 2916 ὥς

137 2933 435 3029 Ὅμηρός
491 2965 627 3006 που
672 2941 846 3026 λέγει
903 2942 1012 3006 καὶ
1075 2934 1275 3017 αὐτὸς
1331 2936 1522 3023 οἶμαι
1577 2938 1896 3026 καθάπερ
1952 2939 2077 3026 ἐγώ
2120 2934 2308 3009 τάκεῖ

152 3048 600 3125 τεθεαμένος,
671 3038 824 3109 οὔτε
881 3055 1066 3109 σῖτον
1125 3041 1389 3108 ἔδουσιν
1447 3037 1597 3108 οὔτε
1662 3048 1974 3109 πίνουσιν
2034 3043 2305 3112 αἴθοπα

156 3143 373 3231 οἶνον,
420 3137 592 3210 ἀλλὰ
635 3142 754 3232 τήν
799 3137 1176 3231 ἀμβροσίαν
1221 3149 1719 3230 παρατίθενται
1762 3148 1871 3211 καὶ
1917 3150 2035 3212 τοῦ
2079 3151 2305 3214 νέκτα-

156 3272 276 3334 ρος
316 3246 805 3331 μεθύσκονται,
863 3245 1157 3330 μάλιστα
1204 3246 1276 3313 δὲ
1333 3239 1609 3334 ἥδονται
1654 3248 2035 3330 σιτούμενοι
2076 3248 2193 3315 τὸν
2237 3249 2306 3315 ἐκ

155 3354 293 3416 τῶν
359 3352 623 3415 θυσιῶν
678 3349 938 3415 καπνὸν
1007 3342 1173 3435 αὐτῇ
1233 3355 1422 3437 κνίσῃ
1493 3342 1996 3437 ἀνενηνεγμένον
2050 3354 2161 3417 καὶ
2225 3352 2301 3417 τὸ

161 3451 330 3536 αἷμα
362 3452 435 3518 δὲ
478 3455 612 3517 τῶν
659 3452 937 3536 ἱερείων,
986 3449 1021 3516 ὃ
1055 3464 1198 3529 τοῖς
1240 3458 1497 3534 βωμοῖς
1531 3452 1596 3518 οἱ
1639 3450 1923 3530 θύοντες
1965 3457 2305 3535 περιχέου-

161 3578 291 3621 σιν.
368 3553 437 3620 ἐν
484 3554 555 3619 δὲ
585 3556 681 3640 τῷ
727 3545 1040 3639 δείπνω“ρ
1012 3547 1052 3618 ό
1079 3578 1154 3619 τε
1173 3545 1522 3620 Απόλλων
1555 3551 1905 3639 ἐκιθάρισε
1945 3551 2121 3621 καὶὸ
2155 3560 2306 3622 Σει-

78 3658 358 3745 mimos
413 3655 707 3740 κόρδακα
764 3654 1106 3742 ὠρχήσατο
1163 3658 1273 3723 καὶ
1323 3656 1393 3721 αἱ
1438 3659 1721 3723 Μοῦσαι
1766 3650 2141 3724 ἀναστᾶσαι
2190 3662 2308 3745 τῆς

160 3784 235 3825 τε
270 3755 586 3825 Ἡσιόδου
649 3762 1011 3845 Θεογονίας
1053 3744 1225 3846 ᾖσαν
1267 3754 1426 3846 ἡμῖν
1482 3760 1593 3825 καὶ
1637 3756 1756 3845 τὴν
1802 3758 2074 3877 πρώτην
2130 3752 2308 3847 ᾠδὴν

161 3864 291 3927 τῶν
337 3853 559 3945 ύμνων
615 3863 748 3926 τῶν
792 3859 1158 3945 Πινδάρου.
1247 3853 1533 3947 κάπειδὴ
1578 3859 1775 3944 κόρος
1816 3845 1914 3948 ἦν,
1971 3854 2309 3929 ἀνεπαυό-

162 3969 348 4047 μεθα
391 3988 484 4041 ως
529 3959 764 4046 εἶχεν(
744 3962 1016 4041 ε’καστος
1064 3964 1302 4041 ἱκανῶς
1346 3958 1929 4051 ὑποβεβρεγμένοι.
