2750 4534
337 2226 409 2284 8⁰2

424 213 506 272 72
1297 214 1707 278 [ΛΟΥΚΙΑΝΟΥ]

423 410 540 451 κον
597 383 832 471 ἔγημεν
889 382 1172 467 αἰσχρὰν
1225 396 1502 470 γυναῖκα
1560 371 1600 471 ἢ
1645 382 1712 448 εἲ
1761 406 1868 460 τις
1924 374 2235 467 άργύριον
2294 378 2592 453 ἐπέδωκε

421 490 803 574 γαμουμένῃ
865 487 1067 573 φίλου
1129 482 1370 572 ἀνδρὸς
1426 486 1717 570 θυγατρὶ
1775 483 1894 550 δύο
1954 479 2282 566 τάλαντα,
2340 489 2456 554 καὶ
2516 487 2589 576 νὴ

423 584 546 656 Δί’
587 587 653 654 εἲ
685 611 790 665 τις
821 591 1150 672 παρέσχεν
1195 585 1437 653 ἑαυτὸν
1483 585 1927 674 δεδησόμενον
1973 581 2099 654 ἐπὶ
2129 586 2452 678 προδήλῳ
2498 593 2595 675 τῷ

423 688 662 776 μικρὸν
707 681 985 775 ὕστερον
1031 687 1501 777 λυθήσεσθαι·
1555 686 1736 754 πάνυ
1779 686 1905 774 γὰρ
1952 683 2182 774 εὐτελῆ
2222 693 2439 756 ταῦτα
2484 693 2593 756 καὶ

320 802 400 862 86
427 789 874 879 μεγαλουργὸν
933 784 1004 856 ἓν
1051 792 1278 869 αὐτοῖς
1321 779 1364 879 ἢ
1412 783 1715 874 ἇνδρεῖον
1760 789 1862 857 ἔνι
1903 783 2115 857 οὐδέν.
2190 797 2291 860 36.
2346 786 2477 879 ἐγώ
2526 796 2593 861 δέ

429 919 541 962 σοι
589 893 992 982 διηγήσομαι
1039 893 1290 981 φόνους
1333 889 1630 971 πολλοὺς
1672 895 1785 961 καὶ
1831 895 2170 977 πολέμους
2212 896 2324 960 καὶ
2372 896 2591 964 θανά-

427 1021 585 1076 τους
643 992 814 1080 ὖπὲρ
870 999 1005 1061 τῶν
1057 997 1306 1084 φίλων,
1365 987 1460 1062 ἵν’
1512 993 1693 1082 εἰδῇς
1737 990 1831 1072 ὥς
1874 994 2125 1063 παιδιὰ
2178 994 2263 1062 τὰ
2306 992 2590 1082 ὑμέτερά

431 1099 574 1165 ἐστι
619 1095 808 1184 παρὰ
853 1095 938 1163 τὰ
969 1095 1269 1164 Σκυθικὰ
1319 1090 1791 1173 ἓξετασθέντα.
1866 1102 2090 1164 καίτοι
2135 1094 2286 1164 οὐδὲ
2334 1092 2590 1185 ἇλόγως

435 1194 593 1267 αὐτὸ
628 1197 1049 1284 πεπόνθατε,
1095 1191 1247 1264 ἄλλ’
1301 1197 1577 1276 εἰκότως
1619 1197 1703 1264 τὰ
1735 1196 1938 1286 μικρὰ
1972 1202 2187 1266 ταῦτα
2218 1194 2670 1268 ἒπαινεῖτε“545

434 1296 589 1369 οὐδὲ
652 1302 779 1389 γὰρ
836 1294 990 1368 ούδέ
1049 1300 1221 1368 εἰσιν
1286 1296 1443 1384 ύμῖν
1504 1294 1808 1390 ἀφορμαὶ
1869 1296 2356 1388 ὑπερμεγέθεις
2425 1305 2592 1391 πρὸς

432 1399 762 1483 ἐπίδειξιν
819 1405 1053 1493 φιλίας
1110 1395 1179 1469 ἓν
1224 1401 1449 1530 εἰρήνῃ
1505 1407 1766 1491 βαθείᾳ
1808 1406 2109 1486 βιοῦσιν,
2167 1396 2402 1488 ὥσπερ
2446 1399 2588 1472 οὔδ’

434 1533 514 1573 αν
560 1533 634 1574 εν
678 1505 925 1595 γαλήνῃ
970 1504 1247 1589 μάθοις,
1294 1503 1356 1570 εί
1402 1498 1667 1592 αγαθὸς
1710 1500 1745 1571 ὃ
1795 1505 2189 1594 κυβερνήτης
2234 1499 2418 1573 ἔστί·
2460 1531 2595 1588 χει-

433 1612 654 1692 μῶνος
697 1606 824 1696 γὰρ
857 1607 1081 1695 δεήσει
1125 1629 1236 1674 σοι
1275 1604 1450 1694 πρὸς
1493 1605 1613 1692 τὴν
1647 1606 2063 1693 διάγνωσιν.
2100 1603 2269 1696 παρ’
2320 1605 2481 1698 ἡμῖν
2528 1610 2595 1675 δὲ

437 1725 728 1794 συνεχεῖς
783 1711 850 1778 οἱ
907 1709 1228 1793 πόλεμοι,
1286 1712 1399 1777 καὶ
1455 1697 1498 1798 ἢ
1543 1702 1995 1831 ἐπελαύνομεν
2055 1705 2284 1789 ἄλλοις
2342 1701 2385 1798 ἢ
2428 1707 2596 1778 ὓπο-

433 1816 775 1897 χωροῦμεν
835 1807 1155 1888 επιόντας
1211 1837 1250 1897 η
1311 1812 1769 1894 συμπεσόντες
1827 1807 2001 1898 ὑπὲρ
2059 1815 2266 1900 νομῆς
2322 1802 2365 1899 ἢ
2418 1814 2598 1890 λείας

437 1912 831 1997 μαχόμεθα,
901 1912 1074 1978 ἔνθα
1128 1911 1426 1996 μάλιστα
1494 1913 1599 1980 δεῖ
1655 1913 1874 2000 φίλων
1942 1905 2248 1997 ἀγαθῶν·
2316 1916 2429 1980 καὶ
2489 1914 2599 1981 διὰ

439 2026 637 2082 τοῦτο
705 2010 796 2092 ὥς
858 2007 1269 2098 βεβαιότατα
1335 2018 1806 2097 συντιθέμεθα
1869 2014 1991 2091 τὰς
2059 2017 2327 2100 φιλίας,
2398 2014 2599 2098 μόνον

440 2122 638 2187 τοῦτο
684 2111 899 2184 ὅπλον
945 2111 1200 2201 ἄμαχον
1255 2119 1369 2184 καὶ
1418 2116 1923 2203 δυσπολέμητον
1983 2113 2157 2183 εἶναι
2204 2116 2598 2201 νομίζοντες.

619 2227 719 2288 37.
794 2217 1137 2304 Πρότερον
1204 2217 1278 2284 δέ
1344 2240 1455 2284 σοι
1524 2217 1741 2284 εἰπεῖν
1804 2216 2138 2302 βούλομαι
2205 2217 2282 2285 ὃν
2348 2219 2603 2303 τρόπον

444 2322 837 2406 ποιούμεθα
885 2319 1041 2398 τούς
1084 2322 1342 2407 φίλους,
1389 2313 1505 2386 οὗκ
1549 2313 1619 2386 εκ
1646 2323 1779 2386 τῶν
1820 2319 2071 2402 πότων,
2118 2312 2351 2409 ὥσπερ
2396 2319 2602 2405 ὑμεῖς,

445 2419 587 2493 οὔδ’
660 2423 720 2491 εἰ
777 2421 1150 2511 συνέφηβός
1207 2446 1312 2500 τις
1367 2411 1411 2510 ἢ
1466 2428 1704 2508 γείτων
1746 2409 1858 2512 ἦν,
1922 2415 2073 2488 ἀλλ’
2125 2416 2405 2490 ἐπειδάν
2457 2450 2606 2491 τινα

443 2527 694 2611 ἰ’δωμεν
751 2519 1015 2613 ἀγαθὸν
1073 2518 1284 2610 ἄνδρα
1350 2525 1465 2590 καὶ
1518 2523 1776 2610 μεγάλα
1833 2518 2262 2610 ἐργάσασθαι
2325 2525 2607 2610 δυνάμε-

447 2655 590 2710 νον,
651 2624 768 2695 ὲπὶ
811 2629 1048 2694 τοῦτον
1103 2618 1398 2703 ἅπαντες
1456 2624 1867 2709 σπεύδομεν,
1926 2628 2038 2694 καὶ
2082 2619 2252 2713 ὅπερ
2304 2622 2499 2709 ὑμεῖς
2542 2621 2607 2692 ἓν

445 2742 590 2809 τοῖς
618 2730 877 2816 γάμοις,
923 2731 1122 2795 τοῦτο
1166 2723 1358 2816 ἡμεῖς
1403 2721 1519 2794 ἐπὶ
1565 2731 1699 2794 τῶν
1736 2731 1954 2816 φίλων
1999 2741 2224 2795 ποιεῖν
2270 2727 2603 2812 ἀξιοῦμεν,

449 2825 571 2900 επὶ
618 2829 793 2897 πολυ
838 2829 1355 2916 μνηστευόμενοι
1400 2833 1512 2897 καὶ
1552 2829 1778 2896 πάντα
1823 2826 1995 2914 ὁμοῦ
2039 2827 2473 2916 πράττοντες,
2522 2829 2609 2908 ὥς

448 2933 540 3022 μὴ
601 2925 1153 3016 διαμαρτάνωμεν
1209 2935 1328 3017 τῆς
1371 2934 1610 3020 φιλίας
1662 2932 1831 3019 μηδὲ
1876 2925 2246 3018 ἀπόβλητοι
2312 2931 2609 3016 δόξωμεν

451 3031 648 3102 εἶναι.
719 3027 1050 3100 κάπειδὰν
1108 3038 1510 3120 προκριθείς
1566 3059 1670 3112 τις
1725 3028 1881 3152 ἤδη
1899 3035 2101 3122 φίλος
2143 3019 2215 3121 ᾖ,
2276 3037 2613 3122 συνθῆκαι

451 3134 527 3203 τὸ
563 3129 702 3202 άπὸ
736 3129 972 3201 τούτου
1017 3127 1188 3202 καὶ
1160 3128 1356 3219 ὅρκος
1399 3131 1434 3202 ὅ
1469 3141 1799 3222 μέγιστος,
1844 3121 1885 3224 ἦ
1913 3135 2046 3222 μὴν
2090 3139 2200 3202 καὶ
2230 3135 2615 3220 βιώσεσθαι

450 3231 600 3322 μετ’
654 3231 954 3364 ἀλλήλων
997 3239 1108 3303 καὶ
1156 3231 1708 3320 ἀποθανεῖσθαι,
1765 3234 1846 3325 ἢν
1892 3239 2033 3326 δέῃ,
2093 3234 2264 3324 ὑπὲρ
2307 3243 2430 3304 τοῦ
2474 3238 2615 3305 ετέ-

451 3366 572 3425 ρου
616 3338 732 3406 τὸν
779 3337 1034 3423 ἕτερον·
1101 3342 1210 3406 καὶ
1261 3332 1437 3406 ούτω
1482 3343 1829 3422 ποιοῦμεν.
1908 3333 2034 3426 ἀφ’
2089 3336 2163 3406 οὗ
2207 3339 2333 3425 γὰρ
2381 3367 2462 3406 αν
2509 3365 2614 3407 εν-

452 3442 764 3528 τεμόντες
811 3433 999 3518 άπαξ
1037 3440 1194 3518 τούς
1242 3441 1602 3519 δακτύλους
1649 3435 2159 3525 ἐνσταλάξωμεν
2202 3440 2279 3508 τὸ
2333 3441 2502 3525 αἷμα
2552 3467 2617 3519 ες

451 3544 684 3612 κύλικα
739 3546 850 3611 καὶ
895 3540 980 3608 τὰ
1027 3541 1187 3630 ξίφη
1237 3538 1407 3628 άκρα
1447 3542 1793 3629 βάψαντες
1852 3537 1992 3627 ἅμα
2038 3537 2413 3630 ἀμφότεροι
2459 3569 2615 3612 επι-

455 3646 765 3731 σχόμενοι
823 3650 1118 3728 πίωμεν,
1187 3638 1305 3712 οὗκ
1361 3645 1543 3712 ε’στιν
1598 3639 1638 3711 3
1695 3671 1761 3712 τι
1816 3645 1891 3711 τὸ
1952 3645 2122 3728 μετὰ
2178 3648 2376 3711 τοῦτο
2434 3643 2694 3732 ἦμᾶςόιδ

455 3747 831 3816 διαλύσειεν
878 3772 978 3812 αν.
1054 3741 1318 3834 εφεῖται
1363 3747 1437 3814 δὲ
1479 3747 1555 3814 τὸ
1591 3751 1903 3833 μέγιστον
1952 3742 2103 3832 ἂχρι
2147 3749 2349 3832 τριῶν
2394 3771 2464 3825 ες
2492 3747 2617 3826 τὰς

455 3849 795 3938 συνθήκας
861 3848 1172 3916 εἰσιέναι·
1243 3846 1336 3928 ὥς
1401 3841 1589 3928 ὅστις
1659 3877 1739 3916 αν
1799 3848 2178 3936 πολύφιλος
2236 3834 2307 3936 ᾗ,
2378 3841 2620 3932 ὅμοιος

455 3949 614 4041 ἡμῖν
673 3951 855 4018 δοκεῖ
916 3965 1066 4029 ταῖς
1121 3965 1377 4030 κοιναῖς
1434 3950 1711 4029 ταύταις
1774 3954 1883 4018 καὶ
1942 3955 2445 4036 μοιχευομέναις
2500 3975 2617 4037 γυ-
