2750 4534
1112 270 1381 325 ΕΡΩΤΕΣ.
2242 267 2321 324 27

163 436 236 505 δ’
279 433 659 528 Ἀθηναῖος
718 440 929 526 ἱλαρῷ
989 442 1087 525 τῷ
1133 433 1516 568 προσώπῳ
1542 437 1829 527 φαιδρός
1886 431 2323 530 ἀναπηδήσας

161 541 417 629 προῄει
463 542 729 629 σφόδρα
777 544 1114 627 σοβαρῶς·
1163 543 1427 608 εἴκασεν
1472 536 1554 608 άν
1597 565 1701 619 τις
1746 534 1947 607 αὐτὸν
1992 541 2063 608 ’ἐν
2098 545 2320 608 Σαλα-

156 658 312 727 μῖνι
356 649 629 732 Πέρσας
670 649 1416 730 κατανεναυμαχηκέναι.
1500 646 1609 711 καὶ
1654 642 1852 710 τοῦτό
1898 667 1973 728 γε
2013 646 2132 731 τῆς
2175 651 2319 729 κρί-

159 770 342 824 σεως
397 737 801 874 ἇπωνάμην,
861 745 1327 832 λαμπρότερον
1384 741 1562 832 ἡμᾶς
1618 743 2055 822 ἕστιάσαντος
2114 743 2317 812 αὐτοῦ

52 842 552 915 455τᾶπινίκια·
610 851 719 915 καὶ
766 846 891 934 γὰρ
946 845 1028 933 ἠν
1075 843 1296 926 ἄλλως
1350 847 1470 914 τὸν
1513 852 1665 931 βίον
1708 849 2317 936 μεγαλοφρονέστε-

155 976 302 1033 ρος.
377 946 586 1039 ἡσυχῆ
632 951 704 1018 δὲ
748 952 861 1016 καὶ
903 948 1022 1018 τὸν
1065 953 1414 1076 Χαρικλέα
1459 950 2031 1070 παρηγορησάμην
2074 949 2191 1018 ἐπὶ
2236 953 2318 1037 τῇ

155 1052 501 1141 δεινότητι
555 1056 690 1118 τῶν
737 1051 949 1137 λόγων
996 1053 1256 1136 συνεχὲς
1297 1048 1874 1136 ὕπερθαυμάζων,
1934 1045 2043 1120 ότι
2088 1052 2316 1134 δυσχε-
2440 1111 2447 1116 .

152 1154 458 1241 ρεστέρῳ
499 1159 688 1239 μέρει
734 1155 1030 1233 δυνατῶς
1076 1155 1536 1244 συνηγόρησεν.
1625 1161 1727 1223 53.
1796 1148 1943 1220 ἀλλ’
1995 1151 2033 1241 ἦ
2080 1154 2203 1239 μὲν
2247 1153 2316 1220 ἐν
2345 1160 2420 1216 53

153 1257 394 1343 Κνίδῳ
441 1254 748 1346 διατριβὴ
790 1259 903 1323 καὶ
947 1256 1034 1322 τὰ
1080 1256 1266 1342 παρὰ
1311 1261 1395 1344 τῇ
1423 1260 1572 1344 θεῷ
1604 1258 1985 1344 λαληθέντα
2016 1256 2319 1346 σπουδὴν

157 1357 408 1445 ἱλαρὰν
484 1350 624 1443 άμα
688 1362 800 1427 καὶ
866 1357 1153 1426 παιδιὰν
1221 1354 1547 1442 εύμουσον
1613 1357 1932 1446 ἐσχηκότα
1996 1359 2156 1443 τῇδέ
2220 1384 2315 1445 πη

155 1459 666 1548 διεκρίθη.σύ
727 1460 829 1541 δέ,
890 1446 945 1525 ῶ
997 1460 1410 1547 Θεόμνηστε,
1470 1456 1505 1528 ὃ
1565 1459 1683 1548 τὴν
1730 1459 1934 1527 ἕωλον
1978 1456 2167 1548 ἡμῶν
2212 1459 2316 1526 έκ-

151 1561 612 1646 καλεσάμενος
675 1562 964 1650 μνήμην,
1035 1563 1094 1628 εἰ
1161 1562 1479 1649 δικαστὴς
1540 1555 1673 1630 τότ’
1736 1547 1958 1651 ἦσθα,
2027 1566 2177 1640 πῶς
2237 1590 2318 1627 αν

153 1660 532 1754 ἂπεφήνω,·

335 1771 693 1834 ΘΕΟΜΝ.
740 1757 1202 1856 Μελητίδην’“
1159 1793 1198 1854 η
1232 1767 1567 1853 Κόροιβον
1616 1767 1744 1834 σ’ίει
1786 1792 1871 1851 με
1906 1766 2081 1852 πρὸς
2110 1770 2313 1838 θεῶν,

151 1869 271 1936 ἵνα
328 1883 475 1947 τοῖς
532 1865 667 1936 ὑπὸ
729 1873 852 1936 σοῦ
895 1870 1170 1948 δικαίως
1211 1875 1547 1955 κριθεῖσιν
1594 1869 1899 1937 ἐναντίαν
1945 1874 2130 1958 φέρω
2174 1873 2315 1955 ψῆ-

154 1995 328 2058 φον,·
372 1969 448 2049 ὃς
491 1966 604 2037 ὕπ’
652 1966 858 2058 ἄκρας
901 1967 1144 2058 ἡδονῆς
1186 1975 1319 2036 τῶν
1365 1973 1735 2057 λεγομένων
1781 1971 1849 2037 ἓν
1891 1973 2119 2059 Κνίδῳ
2165 1971 2313 2039 δια-

151 2079 413 2158 τρίβειν
479 2068 707 2160 ᾠόμην
774 2068 1001 2159 ὀλίγου
1064 2072 1140 2140 τὸ
1194 2072 1403 2158 βραχὺ
1461 2078 1658 2140 τοῦτο
1716 2073 2055 2158 δωμάτιον
2114 2045 2315 2142 αὐτόν

151 2173 520 2266 ἡγούμενος
565 2172 734 2242 εἶναι
791 2174 910 2243 τὸν
966 2175 1132 2242 νεῶν
1190 2175 1454 2244 ἐκεῖνον.
1544 2201 1727 2260 ομως
1757 2169 1811 2242 δ’
1874 2161 2313 2243 ουν-οὐδὲν

150 2276 282 2364 γὰρ
314 2271 618 2364 ἀπρεπὲς
648 2277 715 2345 ἐν
760 2277 955 2366 ἑορτῇ
1000 2279 1340 2364 λέγεσθαι,
1388 2285 1524 2356 πᾶς
1569 2279 1641 2345 δὲ
1682 2279 1907 2364 γέλως,
1952 2304 2073 2344 καν
2118 2285 2312 2365 περί-

155 2404 346 2465 εργος
382 2366 444 2468 ᾗ,
491 2381 957 2470 πανηγυρίζειν
1001 2381 1182 2448 δοκεῖ
1207 2419 1293 2430 -——
1321 2381 1480 2458 τοὺς
1524 2377 1688 2467 ἄγαν
1732 2376 1903 2462 ὑπὲρ
1942 2385 2061 2448 τοῦ
2104 2383 2312 2449 παιδ-

45 2495 456 2568 456εραστεῑν
539 2488 1153 2570 κατωφρυωμένους
1226 2483 1461 2570 λόγους
1532 2481 1914 2565 εθαύμαζον
1987 2507 2107 2566 μεν
2196 2509 2309 2552 επι

147 2589 232 2673 τῇ
303 2585 687 2672 σεμνότητι,
761 2585 938 2671 πλην
1009 2579 1083 2652 οὗ
1153 2586 1330 2652 πάνυ
1386 2589 1688 2673 θυμῆρες
1751 2579 2009 2672 ᾠόμην,
2079 2584 2310 2674 ἐφήβῳ

149 2687 354 2754 παιδὶ
445 2686 1036 2774 συνδιημερεύοντα
1116 2688 1563 2764 Τανταλείους
1649 2687 1838 2764 δίκας
1921 2683 2308 2773 ὑποφέρειν,

147 2792 262 2856 καὶ
307 2801 454 2866 τοῖς
508 2784 764 2871 ὄμμασι
823 2793 941 2855 τοῦ
1004 2788 1286 2866 κάλλους
1346 2789 1696 2871 μονονουχὶ
1764 2789 2307 2872 προσκλύζοντος,

147 2891 301 2970 ἐξὸν
361 2884 783 2974 ἀρύσασθαι,
844 2891 1054 2978 διψῆν
1109 2887 1489 2975 ὑπομένειν·
1592 2885 1669 2958 οὗ
1725 2890 1851 2977 γὰρ
1911 2886 2171 2980 άπόχρη
2229 2893 2305 2959 τὸ

145 2999 440 3074 θεωρεῖν
515 2991 841 3077 ἐρώμενον
917 2987 1052 3060 οὐδ’
1125 2987 1494 3080 ἀπαντικρὺ
1560 2997 1944 3081 καθημένου
2010 2998 2121 3063 καὶ
2190 2997 2308 3061 λα-

147 3098 425 3172 λοῦντος
483 3089 775 3176 ἀκούειν,
839 3089 978 3163 ἀλλ’
1039 3087 1266 3182 ὥσπερ
1320 3092 1562 3183 ἡδονῆς
1616 3096 1902 3179 κλίμακα
1955 3098 2305 3186 συμπηξά-

144 3221 350 3280 μενος
395 3196 561 3283 ἔρως
604 3201 875 3283 πρῶτον
920 3197 1053 3280 ἔχει
1094 3197 1371 3282 βαθμὸν
1416 3193 1676 3282 ὅψεως,
1722 3198 1835 3265 ἵνα
1878 3197 2022 3285 ἰ’δῃ,
2068 3202 2180 3266 καὶ
2226 3191 2307 3266 ἂν

144 3299 521 3386 θεάσηται,
575 3304 792 3366 ποθεῖ
835 3299 1194 3387 προσάγων
1240 3295 1689 3387 ἐφάψασθαι·
1750 3294 1831 3367 δι’
1891 3295 2107 3384 ἄκρων
2150 3305 2305 3386 γοῦν

146 3400 491 3469 δακτύλων
534 3391 655 3469 κᾶν
699 3401 903 3484 μόνον
947 3407 1144 3489 θίγῃ,
1201 3401 1284 3467 τὰ
1329 3406 1449 3490 τῆς
1493 3396 1935 3481 ἀπολαύσεως
1979 3403 2075 3480 εἰς
2120 3395 2303 3470 ἅπαν

146 3505 390 3571 διαθεῖ
417 3501 492 3570 τὸ
540 3507 751 3586 σῶμα.
826 3502 1032 3586 τυχῶν
1064 3497 1118 3570 δ’
1158 3500 1462 3590 εὐμαρῶς
1502 3505 1745 3570 τούτου
1788 3511 2017 3592 τρίτην
2060 3518 2303 3588 πεῖραν

145 3605 391 3693 ἐπάγει
463 3604 873 3693 φιλήματος,
949 3603 1066 3672 οὐκ
1139 3601 1344 3684 εὐθὺς
1411 3613 1795 3692 περίεργον,
1872 3600 2008 3671 ἀλλ’
2088 3599 2303 3696 ἠρέμα

141 3710 329 3796 χείλη
390 3713 838 3794 προσεγγίσας
896 3709 1219 3790 χείλεσιν,
1290 3706 1330 3773 ἃ
1391 3710 1552 3792 πρὶν
1608 3699 1650 3797 ἢ
1709 3711 1973 3794 ψαῦσαι
2031 3710 2302 3786 τελείως

147 3805 444 3898 ἇπέστη,
489 3811 694 3899 μηδὲν
751 3806 1078 3889 ὑπονοίας
1123 3811 1304 3894 ἰ’χνος
1345 3810 1767 3877 καταλιπών·
1816 3806 1961 3877 εἶτα
2006 3810 2180 3897 πρὸς
2220 3811 2296 3878 τὸ

146 3925 472 3999 παρεῖκον
525 3907 972 3996 ἁρμοζόμενος
1029 3907 1130 3980 dei
1193 3916 1703 3999 λιπαρεστέροις
1756 3913 1877 3995 μὲν
1936 3907 2300 4005 ἀσπάσμα-

147 4039 254 4083 σιν
301 4015 668 4102 ἐντέτηκεν,
729 4009 875 4082 ἔσθ’
926 4008 1039 4082 ὅτε
1081 4019 1190 4083 καὶ
1238 4016 1645 4083 διαστέλλων
1688 4011 1895 4103 ἡσυχῆ
1937 4015 2014 4082 τὸ
2063 4016 2299 4099 στόμα,
