2750 4534
339 2142 409 2196 27

334 2967 411 3021 28

450 223 571 283 138
1335 229 1710 283 ΔΟΥΚΙΑΝΟΥ

449 395 608 485 φής,
676 395 1031 481 θανάσιμα
1099 391 1531 481 εὐωχοῦνται,
1598 402 1710 465 καὶ
1774 402 1986 465 ταῦτα
2050 405 2317 482 μυρίοις
2376 409 2613 475 κακοῖς

450 497 767 576 ξυνόντες.
844 494 969 567 εἶτ’
1020 499 1299 567 ἐπειδὰν
1345 507 1665 582 πέσωσιν,
1710 498 1939 585 ὅμοιοι
1981 501 2275 584 μάλιστα
2324 506 2610 588 φαίνον-

448 626 563 667 ται
590 615 735 681 τοῖς
763 615 1099 688 τραγικοῖς
1129 599 1543 687 ὑποκριταῖς,
1588 598 1682 668 ὦν
1713 601 2005 681 πολλοὺς
2052 603 2217 670 ἰδεῖν
2264 602 2408 669 ἔστι
2438 606 2612 679 τέως

444 701 566 786 μὲν
597 708 952 787 Κέκροπας
997 704 1206 791 δῆθεν
1251 700 1452 783 ὄντας
1496 695 1907 793 ἢΣισύφους
1950 694 1991 793 ἢ
2042 706 2405 793 Τηλέφους,
2457 703 2610 769 δια-

448 804 709 891 δήματα
766 805 1034 888 ἔχοντας
1077 809 1188 872 καὶ
1250 807 1409 896 ξίφη
1471 806 1996 895 ἐλεφαντόκωπα
2046 808 2156 873 καὶ
2217 806 2611 871 ἐπίσειστον

444 906 652 993 κόμην
697 910 809 974 καὶ
841 908 1145 992 χλαμύδα
1183 909 1673 995 χρυσόπαστον,
1718 898 1799 995 ἢν
1845 908 1936 989 δέ,
1982 906 2094 975 οἶα
2122 905 2343 973 πολλὰ
2388 912 2609 992 γίγνε-

444 1035 575 1090 ται,
620 1011 1112 1097 κενεμβατήσας
1139 1036 1245 1090 τις
1274 1006 1494 1078 αὐτῶν
1530 1011 1597 1079 ἐν
1641 1017 1809 1098 μέσῃ
1855 1014 1940 1100 τῇ
1986 1014 2186 1098 σκηνῇ
2230 1014 2603 1095 καταπέσῃ,
2623 1020 2699 1069 “143

444 1114 701 1198 γέλωτα
746 1112 994 1201 δηλαδὴ
1028 1119 1304 1198 παρέχει
1334 1129 1480 1191 τοῖς
1521 1120 1807 1192 θεαταῖς
1836 1117 1954 1181 τοῦ
1999 1119 2437 1198 προσωπείου
2484 1112 2607 1193 μὲν

448 1220 907 1299 συντριβέντος
938 1210 1121 1303 αὐτῷ
1168 1216 1552 1305 διαδήματι,
1596 1212 1977 1305 ᾑμαγμένης
2022 1215 2095 1282 δὲ
2133 1218 2255 1301 τῆς
2299 1208 2607 1300 ἀληθοῦς

443 1319 735 1407 κεφαλῆς
764 1321 883 1383 τοῦ
913 1309 1279 1401 ὑποκριτοῦ
1308 1323 1418 1386 καὶ
1462 1322 1597 1384 τῶν
1642 1320 1890 1385 σκελῶν
1936 1316 2048 1384 ἐπὶ
2095 1314 2271 1383 πολὺ
2313 1340 2605 1401 γυμνου-

445 1424 690 1504 μένων,
752 1444 844 1497 ως
885 1424 1001 1509 τῆς
1044 1445 1117 1487 τε
1175 1420 1465 1507 ἐσθῆτος
1506 1420 1589 1488 τὰ
1650 1420 1928 1489 ε’νδοθεν
1980 1423 2358 1509 φαίνεσθαι
2402 1417 2604 1503 ράκια

447 1522 734 1611 δύστηνα
792 1518 954 1589 ὄντα
1011 1526 1118 1590 καὶ
1178 1527 1312 1589 τῶν
1367 1524 1716 1608 κοθόρνων
1760 1522 1877 1610 τὴν
1922 1519 2244 1589 ὑπόδεσιν
2289 1515 2602 1607 ἄμορφο-

443 1625 647 1713 τάτην
691 1628 802 1693 καὶ
848 1619 922 1692 οὗ
966 1625 1136 1692 κατὰ
1194 1626 1389 1708 λόγον
1433 1630 1551 1692 τοῦ
1594 1626 1830 1705 ποδός.
1918 1621 2080 1713 δρᾷς
2124 1618 2313 1702 όπως
2356 1648 2445 1706 με
2490 1626 2600 1689 καὶ

446 1727 726 1808 εἰκάζειν
785 1727 1070 1807 εδιδάξω
1126 1724 1284 1816 ἤδη,
1345 1755 1399 1794 ω
1458 1731 1763 1813 βέλτιστε
1808 1722 2209 1812 άλεκτρυώνς
2264 1720 2441 1792 ἀλλὰ
2486 1752 2600 1791 τυ-

446 1833 668 1913 ραννις
719 1830 840 1913 μὲν
884 1830 1188 1897 τοιοῦτόν
1231 1858 1299 1899 τι
1343 1827 1552 1920 ωφθη
1600 1826 1786 1897 οὖσα.
1873 1830 2091 1908 ι’ππος
2136 1830 2208 1897 δε
2251 1818 2293 1917 ἢ
2335 1828 2515 1895 κύων
2561 1856 2597 1914 η

447 1930 640 2013 ἰχθῦς
683 1922 724 2021 ἢ
767 1931 1098 2016 βάτραχος
1141 1927 1352 2000 όπότε
1401 1938 1651 2020 γένοιο,
1708 1936 1858 2011 πῶς
1902 1932 2136 2020 ε’φερες
2179 1930 2431 2018 ἐκείνην
2479 1929 2600 2016 τὴν

446 2033 822 2120 διατριβήν,·

615 2141 718 2201 27.
761 2138 1056 2201 ΑΛΕΚ.
1101 2135 1387 2221 Μακρὸν
1430 2140 1663 2203 τοῦτον
1709 2129 2038 2213 ἀνακινεῖς
2080 2133 2197 2200 τὸν
2242 2133 2438 2219 λόγον
2486 2135 2594 2200 καὶ
2616 2148 2689 2198 744

445 2230 519 2303 οὗ
576 2241 695 2303 τοῦ
746 2238 1080 2321 παρόντος
1122 2242 1387 2321 καιροῦ·
1446 2237 1622 2329 πλὴν
1664 2238 1740 2305 τό
1800 2263 1873 2325 γε
1915 2237 2311 2326 κεφάλαιον,
2374 2230 2600 2313 οῦδεὶς

441 2332 627 2418 ὅστις
673 2334 786 2407 οῦκ
845 2334 1468 2427 ἀπραγμονέστερος
1509 2345 1642 2407 τῶν
1694 2347 1862 2425 βίων
1910 2340 2095 2418 ἔδοξέ
2149 2365 2266 2423 μοι
2308 2342 2430 2404 τοῦ
2480 2334 2596 2404 άν-

441 2448 794 2527 θρωπείου
846 2443 1083 2527 μόναις
1138 2458 1285 2522 ταῖς
1343 2458 1657 2531 φυσικαῖς
1714 2443 2117 2527 ἐπιθυμίαις
2171 2444 2281 2507 καὶ
2332 2448 2599 2525 χρείαις

443 2545 1087 2633 ξυμμεμετρημένος·
1144 2546 1433 2633 τελωνην
1496 2546 1567 2613 δὲ
1623 2546 1843 2612 ι’ππον
1898 2535 1939 2633 ἢ
1984 2544 2403 2632 συκοφάντην
2464 2546 2594 2627 βά-

438 2672 677 2734 τραχον
722 2639 763 2738 ἢ
807 2647 1138 2737 σοφιστὴν
1181 2638 1530 2715 κολοιὸν
1488 2676 1527 2736 η
1575 2641 1917 2733 ὀψοποιὸν
1961 2646 2249 2713 κώνωπα
2293 2635 2332 2732 ἢ
2374 2652 2594 2713 κίναι-

439 2750 555 2818 δον
601 2745 1001 2835 ἀλεκτρυόνα
1042 2752 1153 2817 καὶ
1197 2736 1410 2816 τάλλα
1454 2744 1583 2817 όσα
1625 2746 1812 2833 ὖμεῑς
1856 2748 2298 2838 ἐπιτηδεύετε,
2344 2742 2463 2815 οῦκ
2510 2776 2593 2815 αν

437 2853 612 2930 ἰ’δοις
657 2878 724 2917 εν
761 2850 1054 2930 εκείνοις.

610 2958 712 3020 28.
758 2959 960 3019 MIK.
997 2948 1264 3041 Ἀληθῆ
1308 2953 1475 3031 ἰ’σως
1516 2956 1745 3035 ταῦτα,
1793 2940 1849 3019 ὦ
1894 2947 2283 3036 ἀλεκτρυών.
2340 2950 2469 3039 ἐγώ
2517 2954 2593 3020 δὲ

439 3054 475 3121 ὃ
523 3060 848 3122 πέπονθα
905 3049 1022 3122 οὐκ
1073 3055 1470 3139 αἰσχύνομαι
1515 3055 1687 3139 πρὸς
1734 3056 1808 3121 σὲ
1854 3055 2101 3123 εἰπεῖν·
2160 3049 2427 3122 οὐδέπω
2475 3056 2591 3123 δύ-

439 3183 646 3241 ναμαι
713 3151 1102 3241 ἀπομαθεῖν
1166 3155 1285 3248 τὴν
1357 3157 1735 3241 ἐπιθυμίαν
1797 3156 1877 3243 ἣν
1945 3156 2014 3225 ἐκ
2078 3157 2345 3224 παίδων
2411 3154 2591 3241 εἶχον

438 3259 763 3337 πλούσιος
818 3264 1169 3345 γενέσθαι,
1230 3253 1411 3325 ἄλλά.
1460 3285 1578 3344 μοι
1632 3262 1744 3327 καὶ
1798 3258 1873 3324 τὸ
1940 3257 2247 3325 ἐνύπνιον
2306 3257 2405 3325 ἔτι
2449 3259 2585 3343 πρὸ

438 3366 568 3430 τῶν
629 3357 1009 3451 ὀφθαλμῶν
1071 3362 1334 3451 ἕστηκεν
1392 3355 1934 3445 ἐπιδεικνύμενον
1975 3360 2052 3429 τὸ
2110 3368 2415 3447 χρυσίον,
2473 3366 2583 3429 καὶ

435 3466 730 3550 μάλιστα
776 3460 896 3533 ἐπὶ
927 3468 1024 3551 τῷ
1052 3465 1409 3552 καταράτῳ
1437 3472 1693 3550 Σίμωνι
1738 3459 2207 3551 ἀποπνίγομαι
2250 3469 2586 3553 τρυφῶντι

440 3568 506 3635 ἐν
552 3561 840 3655 ἀγαθοῖς
882 3567 1251 3646 τοσούτοις.

606 3676 901 3739 ΑΛΕΚ.
964 3662 1122 3755 Ἐγώ
1181 3694 1256 3737 σε
1313 3669 1619 3752 ἰάσομαι,
1678 3655 1732 3734 ὦ
1784 3669 2077 3737 Μικύλε·
2134 3671 2242 3735 καὶ
2302 3668 2583 3753 ἐπείπερ

436 3774 536 3842 ἔτι
581 3773 699 3852 νύξ
739 3768 951 3854 ἐστιν,
1012 3768 1376 3851 ἐξαναστάς
1424 3771 1588 3839 ἕπου
1632 3790 1782 3855 μοι·
1830 3766 2072 3851 ἀπάξω
2115 3772 2239 3856 γάρ
2286 3794 2361 3839 σε
2404 3770 2682 3857 παρ’·τ45

438 3874 638 3943 αὐτὸν
691 3870 939 3943 ἓκεῑτον
991 3876 1111 3943 τὸν
1156 3882 1430 3959 Σίμωνα
1480 3877 1591 3942 καὶ
1648 3869 1715 3953 ἐς
1757 3874 1879 3953 τὰς
1920 3878 2051 3941 τῶν
2109 3869 2327 3941 ἄλλων
2372 3876 2585 3942 πλου-

437 3985 603 4045 σίων
651 3977 882 4059 οἰκίας,
929 3975 1020 4056 ὡς
1063 3978 1212 4065 ἰ’δῃς
1257 3977 1368 4045 οἷα
1411 3976 1496 4044 τὰ
1542 3973 1708 4063 παρ’
1762 3972 1989 4056 αὐτοῖς
2033 3971 2194 4045 ἔστι.
