2750 4534
439 256 475 313 2
490 257 519 313 1
531 257 567 314 Ο
1402 257 1659 311 LUmANl

439 450 491 492 e.
519 434 619 490 24.
653 428 692 493 ὸ
739 427 850 507 σὸς
882 428 1009 507 Ὁμ.
1047 427 1210 513 ssom.
1260 430 1297 495 ὃ
1342 432 1398 491 A
1441 464 1524 477 -
1569 428 2042 507 ἀναβιβάσομαι
2071 428 2092 514 ΙΙ
2123 428 2610 512 ἀναβιβάζομαι

649 528 719 592 Ω
775 566 848 575 —-
922 534 1166 609 ἐκεῖνος
1295 535 1504 597 ἐκεῖνο
1561 528 1612 591 Γ
1671 566 1753 577 —-
1810 540 2018 614 χρυσῇ
2069 528 2090 613 fl
2140 542 2350 615 χρυσῆ
2407 530 2462 592 Γ
2525 569 2614 578 —

654 634 982 717 Ἀφροδίτῃ
1024 632 1043 716 ss
1086 636 1215 697 sine
1262 661 1283 698 ι
1338 637 1566 697 subscr.
1627 631 1675 694 Γ
1722 668 1804 679 -
1865 638 2037 716 ἰκέλη
2083 632 2106 717 ΙΙ
2151 638 2357 717 εἰκέλη
2403 638 2462 696 Α
2525 671 2608 680 -

650 734 689 801 ὅ
746 762 814 817 γε
869 744 1169 813 τοιοῦτος
1214 736 1232 818 ΙΙ
1278 734 1317 802 δ’
1358 762 1426 801 τε
1483 764 1539 802 τ.
1597 733 1702 800 ΑΓ
1747 773 1828 783 -
1875 736 2125 815 ὃβελῶν
2168 733 2188 821 Ι
2230 735 2502 815 ὀβολῶν
2549 740 2606 799 A

650 876 728 885 —
753 837 1148 921 ,ἐφεθήσεται
1192 835 1211 915 ΙΙ
1254 837 1640 921 ἀφεθήσεται
1670 842 1724 900 Α
1755 874 1837 885 --
1868 844 1933 904 δὲ
1978 843 2084 903 ἵνα
2111 836 2132 920 ss
2161 838 2230 904 ‹5'
2275 844 2382 903 ἵνα
2435 836 2485 899 Γ
2521 874 2600 883 -

436 963 489 1004 e.
518 948 617 1004 25.
648 950 745 1025 τῷ
792 940 906 1023 Ἄρ.
1015 950 1108 1027 τῷ
1153 961 1265 1004 om.
1312 943 1366 1001 A
1411 977 1494 987 --
1539 940 1721 1026 ἄλλῳ
1749 938 1770 1026 Ι
1797 940 2016 1018 ἄλλως
2045 937 2223 1002 ΑΩΓ
2267 976 2352 987 —
2396 940 2607 1025 Πριά-

642 1070 774 1121 μου
816 1040 837 1126 Ι
877 1052 999 1110 τοῦ
1042 1054 1155 1125 Πρ.
1207 1040 1328 1105 ΩΓ
1376 1080 1456 1091 -
1517 1043 1816 1125 Ἀρτέμιδι
1877 1048 2048 1126 ἰκέλη
2091 1042 2111 1127 fl
2156 1044 2473 1127 Ἀρτέμιό’
2519 1052 2606 1110 εἰ-

646 1150 795 1229 κέλη
827 1141 1004 1207 ΑΩΓ
1036 1182 1116 1192 -
1154 1150 1393 1230 χρυσέῃ
1421 1144 1442 1229 Ι
1463 1155 1670 1229 χρυσῆ
1699 1148 1754 1207 A
1783 1182 1869 1191 —
1899 1144 2130 1227 οὔρεος
2157 1143 2178 1229 Ι
2208 1146 2375 1230 οὐρα
2405 1143 2480 1208 Ω
2512 1186 2602 1195 -

433 1270 483 1312 c.
514 1255 613 1312 26.
645 1257 824 1327 θεοῖς
883 1248 1185 1313 ἀπείκασε
1228 1246 1247 1330 ΙΙ
1290 1268 1404 1311 om.
1451 1244 1560 1309 AF
1605 1286 1688 1295 —
1747 1246 1912 1314 ἀλλὰ
1956 1255 2061 1313 καὶ
2107 1246 2224 1331 τὴν
2267 1249 2366 1315 Εὐ
2407 1246 2432 1333 Ι
2475 1271 2601 1312 om.

643 1348 694 1411 Γ
740 1350 905 1415 ἀλλὰ
963 1349 1038 1432 δὴ
1094 1357 1199 1415 καὶ
1257 1348 1374 1432 τὴν
1418 1349 1516 1417 Εὐ
1557 1352 1612 1411 A
1657 1386 1738 1397 —
1786 1350 2087 1416 ἀπείκασε
2129 1350 2148 1433 ΙΙ
2191 1357 2438 1415 είκασαι
2484 1350 2600 1413 ΑΓ

644 1489 725 1500 --
768 1458 964 1535 μηδὲν
1009 1454 1173 1517 εἶναι
1201 1448 1221 1535 ΙΙ
1247 1457 1403 1533 μηδὲ
1447 1452 1610 1517 εἶναι
1657 1454 1712 1513 A
1759 1489 1842 1499 —
1885 1456 2078 1533 μέρος
2121 1462 2236 1535 τῆς
2264 1450 2598 1535 ποιήσεως

640 1554 661 1639 ΙΙ
715 1565 827 1637 τῆς
886 1553 1092 1636 ποιήσ.
1155 1579 1215 1631 μ.
1278 1550 1400 1615 ΩΓ
1459 1589 1542 1599 —-
1609 1556 2024 1636 ἐξαληλίφθω
2080 1552 2100 1637 ΙΙ
2153 1557 2596 1634 ἐξαλειλίφθω

640 1655 816 1720 ΑΩΓ
862 1694 946 1705 --
991 1664 1097 1722 καὶ
1142 1656 1255 1735 τὰς
1300 1655 1639 1735 ὁμοιώσεις
1665 1654 1686 1740 Ι
1715 1677 1831 1719 om.
1862 1660 1916 1719 A
1948 1694 2032 1703 —
2061 1659 2195 1723 εἶπε
2221 1656 2240 1740 ΙΙ
2270 1660 2388 1740 ἔφη
2419 1656 2474 1717 Γ
2505 1696 2596 1705 -

429 1783 481 1824 c.
512 1767 611 1823 27.
644 1764 888 1841 λέγεται
919 1758 938 1843 ΙΙ
965 1764 1218 1842 λέγηται
1265 1755 1442 1820 ΑΩΓ
1485 1797 1569 1807 -
1613 1758 1727 1837 τὰς
1771 1768 1907 1825 τῶν
1949 1767 2013 1825 θ.
2050 1757 2069 1842 ΙΙ
2096 1780 2212 1822 om.
2257 1759 2372 1838 τὰς
2417 1764 2474 1822 A
2511 1796 2590 1805 —-

630 1862 921 1944 Ἑρμαῖος
952 1860 1211 1945 ΙΙἘρμαι
1254 1864 1340 1924 sic
1384 1864 1446 1923 in
1491 1863 1612 1924 fine
1657 1880 1867 1925 versus
1909 1858 1960 1921 Γ
1992 1897 2071 1906 -
2120 1868 2234 1927 εἰσι
2280 1888 2344 1927 π.
2427 1869 2594 1928 εἰσιν

642 1964 817 2026 Γ*-
867 1963 1091 2041 αὐτοῖς
1134 1962 1153 2047 ΙΙ
1196 1984 1312 2025 om.
1357 1965 1413 2024 A
1456 1999 1539 2010 —-

427 2090 479 2131 e.
507 2074 608 2130 28.
642 2066 927 2149 εὐθύνην
956 2064 975 2148 ΙΙ
1004 2064 1287 2149 εὐθήνην
1331 2068 1386 2127 A
1432 2064 1719 2131 εὐθύναν
1764 2062 1815 2126 Γ
1859 2102 1942 2111 -
1983 2065 2318 2149 ἠμύναντο
2365 2065 2384 2149 fl
2429 2067 2590 2151 ²}qu-

640 2196 799 2235 νατο
844 2172 898 2231 A
945 2205 1027 2216 —
1071 2175 1176 2233 καὶ
1223 2168 1790 2250 ἀπομνημονεῦσαι
1835 2166 1856 2251 fl
1897 2188 2013 2230 om.
2058 2175 2166 2234 καὶ
2210 2170 2265 2229 A
2312 2205 2395 2215 --

426 2296 477 2336 c.
506 2280 606 2336 29.
640 2281 839 2340 τοῦτο
886 2269 1169 2337 δυνατὸν
1201 2270 1224 2354 ΙΙ
1256 2268 1496 2336 τοῦτὸν
1551 2274 1638 2333 sic
1683 2274 1736 2333 A
1780 2306 1863 2317 --
1919 2280 2124 2336 ταῦτα
2167 2269 2186 2354 ΙΙ
2227 2279 2332 2337 καὶ
2377 2283 2586 2338 ταῦτα

635 2372 757 2436 ΩΓ
810 2406 890 2429 v—
950 2376 1370 2455 ἐκκεχυμένον
1415 2373 1433 2455 ΙΙ
1477 2372 1910 2454 ἐκχυνόμενον
1968 2370 2089 2433 ΩΓ
2144 2408 2224 2419 —-
2285 2379 2518 2457 συγχέῃ
2561 2375 2581 2459 ΙΙ

638 2481 876 2558 συγχέει
921 2473 1043 2538 ΩΓ
1088 2512 1170 2523 --
1216 2474 1536 2557 ὑποκρίνῃ
1580 2472 1600 2558 ΙΙ
1647 2472 1977 2558 &sconowa
2021 2472 2072 2535 Γ
2115 2510 2201 2521 --
2244 2484 2370 2541 νῦν
2413 2477 2582 2561 μὲνΙ

636 2602 751 2642 om.
797 2585 913 2658 μὲν
959 2576 1028 2640 Ω
1074 2614 1152 2624 -
1202 2575 1496 2642 ἐκποδὼν
1541 2575 1559 2659 ΙΙ
1601 2576 1902 2653 ἐμποδὼν
1947 2574 2015 2639 Ω
2060 2612 2146 2624 —

1296 2818 1696 2827 ———-

976 2987 1243 3069 LUGI
1250 2986 1412 3067 AN
1413 2986 1458 3069 Ι
1513 2982 2016 3069 TOEARIS.

416 3217 733 3276 Lectiones
776 3214 1049 3273 codicum
1099 3212 1260 3272 Gorl.
1308 3210 1363 3269 A

1091 3313 1289 3373 Marc.
1340 3318 1464 3373 434
1511 3306 1579 3371 Ω

1105 3416 1234 3477 Vat.
1270 3419 1347 3475 90
1382 3410 1432 3472 Γ
1479 3432 1532 3473 ο.
1565 3416 1763 3473 1-43
1799 3413 1901 3489 qui
1935 3417 2026 3472 est
2054 3411 2190 3473 finis
2221 3411 2369 3473 Cod.
2406 3418 2483 3473 90
2517 3408 2566 3472 Γ

1106 3518 1357 3579 Vindob.
1414 3519 1528 3578 123
1575 3516 1646 3574 B.

864 3674 1127 3733 collatae
1171 3688 1306 3732 cum
1351 3672 1614 3732 editione
1666 3666 2103 3728 Teubneriana.

414 3828 465 3871 c.
508 3814 561 3869 1.
608 3805 691 3871 ου’
734 3803 855 3888 γὰρ
902 3772 1168 3889 ὁηΙΙοῑῐι.
1217 3802 1291 3892 δὴ
1337 3806 1392 3864 Α
1437 3838 1518 3849 -
1564 3816 1822 3883 νεκροῖς
1865 3797 2062 3882 γεΙΙν.
2099 3800 2210 3864 te?
2255 3795 2324 3860 Ω
2357 3834 2439 3844 -
2483 3800 2563 3864 οὐ

619 3935 674 3989 χ.
724 3913 866 3986 μὲν
909 3907 927 3990 ΙΙ
973 3907 1053 3974 ov:
1092 3933 1149 3988 χ.
1197 3904 1462 3984 μόνον
1493 3901 1562 3965 Ω
1607 3940 1686 3949 —
1733 3900 2116 3983 γιγνώσκετε
2155 3898 2176 3984 ΙΙ
2218 3898 2561 3981 γινώσκετε

625 4013 680 4072 A
723 4047 805 4057 —
850 4007 1185 4092 ἀπήγαγον
1230 4006 1250 4092 ss
1294 4008 1546 4090 ἀπῆγον
1590 4003 1748 4068 ΑΓΒ
