2750 4534
73 1280 170 1330 397

1015 1260 1524 1348 ΕΡῼΤΕΣ.

369 1427 423 1486 1.
469 1419 917 1484 ΛῩΚΙΝΟΣ.
982 1409 1330 1506 Ἐρωτικῆς
1374 1415 1688 1496 παιδιᾶς,
1736 1413 1959 1500 ἑταῖρέ
2002 1442 2120 1499 μοι
2168 1417 2410 1483 Θεό-1

187 1543 472 1607 μνηστε,
549 1519 622 1598 ἐξ
679 1518 972 1588 ἕωθινοῦ
1045 1519 1494 1637 πεπλήρωκας
1567 1513 1753 1606 ἡμῶν
1826 1517 1912 1584 τὰ
1976 1519 2341 1608 κεκμηκότα

189 1621 369 1707 πρὸς
411 1620 533 1700 τὰς
565 1635 851 1704 συνεχεῖς
897 1619 1201 1700 σπουδὰς
1244 1647 1402 1702 ωτα,
1448 1626 1561 1686 καί
1585 1645 1707 1704 μοι
1740 1620 2006 1706 σφόδρα
2052 1621 2341 1703 διψῶντι

188 1724 509 1812 τοιαύτης
583 1717 869 1802 ἀνέσεως
944 1718 1243 1809 εὔκαιρος
1315 1719 1352 1809 ἡ
1422 1726 1556 1788 τῶν
1626 1723 1866 1808 ιλαρῶν
1942 1746 2061 1790 σου
2128 1723 2342 1809 λόγων

189 1826 390 1914 ἐρρύη
453 1825 678 1912 χάρις·
747 1824 1042 1913 ἀσθενὴς
1108 1825 1233 1910 γὰρ
1289 1821 1328 1914 ἦ
1396 1823 1573 1913 ψυχὴ
1640 1825 1978 1912 διηνεκοῦς
2042 1826 2345 1915 σπουδῆς

191 1923 589 2011 ἀνέχεσθαι,
657 1931 964 1994 ποθοῦσι
1025 1921 1089 1993 δ’
1157 1928 1222 1994 οἱ
1279 1927 1635 2015 φιλότιμοι
1692 1927 1895 1994 πόνοι
1949 1926 2152 2015 μικρὰ
2210 1933 2343 1994 τῶν

191 2031 520 2112 ἐπαχθῶν
585 2029 965 2117 φροντίδων
1021 2031 1478 2111 χαλασθέντες
1545 2028 1642 2106 εἰς
1696 2025 1939 2114 ἡδονὰς
1999 2023 2339 2096 ἀνίεσθαι.

189 2132 376 2199 πάνυ
424 2132 502 2221 δή
543 2156 630 2216 με
671 2127 805 2199 ὗπό
856 2130 973 2198 τὸν
1016 2127 1272 2217 ὄρθρον
1332 2127 1369 2218 ἦ
1421 2134 1553 2197 τῶν
1601 2124 1987 2196 ἀκολάστων
2032 2153 2152 2197 σου
2201 2132 2343 2219 διη·

189 2234 505 2323 γημάτων
567 2233 807 2323 αἱμύλη
867 2237 980 2302 καὶ
1022 2236 1289 2321 γλυκεῖα
1350 2232 1581 2301 πειθώ
1627 2233 2111 2320 κατεύφρανεν,
2173 2227 2335 2300 ὥστ’

191 2335 424 2422 ὀλίγου
470 2338 608 2404 δεῖν
631 2331 1007 2425 Ἀριστείδη
1057 2330 1124 2402 σ’
1163 2335 1465 2420 ἐνόμιζον
1497 2333 1672 2404 εἶναι
1714 2350 1857 2414 τοῖς
1886 2338 2347 2424 Μιλησιακοῖς

196 2438 423 2523 λόγοις
477 2435 1079 2525 ῦπερκηλούμενος,
1141 2435 1446 2522 ἄχθομαί
1500 2463 1575 2505 τε
1619 2437 1693 2521 νὴ
1754 2437 1909 2516 τοὺς
1971 2437 2129 2516 σούς
2182 2438 2347 2523 ἔρω-

194 2565 335 2622 τας,
385 2539 486 2618 οἶς
517 2539 774 2620 πλατὺς
805 2537 1049 2630 εὑρέθη
1091 2540 1343 2620 σκοπός
1374 2540 1485 2626 (†)‚
1534 2533 1643 2608 ὁτι
1686 2544 2039 2606 πέπαυσαι
2085 2540 2349 2627 διηγού-

82 2659 426 2726 398μενος·
472 2650 584 2709 καί
617 2665 692 2709 σε
723 2642 896 2727 πρὸς
942 2637 1144 2730 αὐτῆς
1192 2636 1670 2727 ἀντιβολοῦμεν
1704 2635 2125 2730 Ἀφροδίτης,
2173 2679 2253 2688 -
2287 2643 2348 2708 εἰ

195 2742 286 2832 μὴ
320 2769 600 2846 περιττα
635 2746 896 2831 λέγειν’
877 2744 1059 2810 εὀικα
1090 2744 1186 2831 (†)
1217 2782 1319 2826 —‚
1370 2743 1437 2810 εἴ
1460 2769 1565 2823 τις
1609 2769 1814 2832 αρρην
1857 2734 1899 2833 ἢ
1943 2747 2054 2812 καὶ
2099 2743 2175 2830 νὴ
2208 2749 2349 2811 Δία

199 2848 416 2933 θῆλυς
460 2843 720 2936 ἐφεῖταί
753 2868 866 2913 σοι
896 2845 1143 2925 πόθος,
1189 2839 1403 2934 ηρέμα
1431 2850 1513 2934 τῇ
1554 2845 1776 2933 μνήμῃ
1838 2845 2348 2913 ἐκκαλέσασθαι.

195 2949 310 3013 καὶ
375 2946 500 3032 γὰρ
577 2943 796 3026 αλλως
861 2947 1292 3033 ἕορταστικὴν
1368 2973 1611 3035 αγομεν
1683 2943 1935 3040 ἡμέραν
1996 2945 2348 3034 Ἡράκλεια

197 3048 513 3127 θύοντες·
573 3043 689 3115 οῦκ
747 3045 1007 3136 αγνοεῖς
1064 3051 1136 3118 δε
1194 3050 1272 3136 δή
1332 3076 1469 3116 που
1527 3049 1646 3117 τὸν
1700 3049 1868 3116 θεὸν
1928 3045 2017 3130 ὥς
2061 3046 2215 3129 ὀξὺς
2269 3078 2350 3173 ην

197 3149 375 3235 πρὸς
409 3145 851 3241 Ἀφροδίτην·
910 3146 1150 3264 η’διστα
1210 3178 1324 3219 ουν
1371 3152 1552 3221 δοκεῖ
1602 3177 1724 3236 μοι
1765 3155 1898 3220 τῶν
1960 3152 2171 3238 λόγων
2225 3152 2348 3232 τὰς

195 3257 452 3331 θυσίας
495 3253 991 3343 προσήσεσθαι.

373 3360 432 3420 2.
482 3358 1150 3424 ΘΕΟΜΝΗΣΤΟΣ.
1216 3359 1479 3422 Θᾶττον
1511 3380 1592 3421 αν
1619 3382 1757 3440 μοι,
1806 3382 1858 3420 ω
1892 3364 2161 3434 Λυκῖνε,
2209 3360 2421 3420 θα-2

197 3455 446 3545 λάττης
489 3457 746 3542 κύματα
791 3463 900 3526 καὶ
932 3456 1185 3536 πυκνὰς
1231 3451 1354 3523 απ’
1397 3451 1681 3541 οὖρανοῦ
1724 3451 2016 3546 νιφαδας
2052 3451 2351 3545 ἀριθμή-

195 3581 391 3636 σειας
420 3549 464 3644 ἢ
492 3558 647 3638 τοῦς
671 3583 870 3644 εμους
885 3555 1202 3646 Ἔρωτας.
1263 3557 1391 3646 ἐγὼ
1420 3562 1576 3644 γοῦν
1609 3581 1882 3627 απασαν
1914 3553 2131 3625 αὐτῶν
2160 3583 2351 3649 κενην

195 3653 712 3746 ἀπολελεῖφθαι
771 3667 1110 3749 φαρέτραν
1154 3660 1437 3744 νομίζω,
1497 3663 1610 3726 καὶ
1657 3687 1736 3727 αν
1782 3655 1895 3726 ἐπ’
1952 3654 2151 3727 ἄλλον
2195 3686 2347 3728 τινα

199 3763 452 3848 πτῆναι
511 3762 927 3850 θελήσωσιν,
989 3758 1282 3840 ἄνοπλος
1343 3755 1558 3829 αὐτῶν
1614 3758 1652 3846 ἡ
1703 3761 1889 3840 δεξιὰ
1941 3762 2351 3849 γελασθήσε-

197 3877 346 3928 ται·
397 3862 628 3944 σχεδὸν
669 3863 795 3949 γὰρ
844 3862 912 3930 ἐκ
955 3867 1073 3948 τῆς
1118 3857 1518 3942 ἀντίπαιδος
1561 3859 1820 3952 ἡλικίας
1868 3861 1934 3941 ἐς
1979 3860 2135 3940 τοὺς
2186 3862 2350 3951 ἐφή-

191 3970 362 4048 βους
405 3969 668 4051 κριθεὶς
715 3962 950 4050 ἄλλαις
995 3959 1116 4031 ἀπ’
1157 3962 1373 4032 ἄλλων
1421 3965 1824 4049 ἐπιθυμίαις
1866 3965 2350 4049 βουκολοῦμαι·

307 4072 475 4118 Lucian
491 4073 550 4118 ΙΙ.
575 4077 616 4120 2.
2021 4070 2045 4121 Ῑ
