2750 4534
452 212 485 267 1
495 211 574 268 42
1341 215 1626 269 Aornum
1628 216 1712 269 ΟΥ

516 602 1479 688 ΙΚΑΡΟΜΕΝΙΠΠΟΣ
1552 607 1641 685 Η
1717 607 2557 729 ῩΠΕΡΝΕΦΕΛΟΣ.

382 800 416 850 1
630 788 684 859 1.
731 797 1256 861 ΜΕΝΙΠΠΟΣ.
1351 787 1604 861 Οὐκοῦν
1660 798 2019 880 τρισχίλιοι
2070 797 2192 879 μὲν
2235 782 2403 885 ἦσαν
2459 791 2609 865 ἀπὸ
2633 812 2722 864 751

447 898 564 981 γῆς
622 893 889 961 στάδιοι
953 900 1145 981 μέχρι
1208 895 1381 982 πρὸς
1446 896 1563 985 τὴν
1632 892 1942 986 σελήνην,
2012 894 2046 965 ὃ
2110 902 2380 984 πρῶτος
2443 896 2616 987 ἡμῖν

451 996 791 1080 σταθμός·
848 993 1248 1065 τούντεῦθεν
1307 999 1378 1066 δὲ
1429 998 1544 1067 ἐπὶ
1588 999 1706 1066 τὸν
1750 993 1939 1086 Ιἥλιον
1987 998 2125 1067 ἅνω
2172 996 2615 1089 παρασάγγαι

449 1124 584 1165 που
644 1098 1104 1167 πεντακόσιοι·
1159 1099 1236 1166 τὸ
1300 1096 1364 1166 δ’
1419 1100 1555 1169 ἀπὸ
1604 1102 1842 1170 τούτου
1888 1103 1983 1181 εἷς
2043 1097 2243 1170 αὐτὸν
2300 1099 2423 1193 ἤδη
2487 1104 2615 1172 τὸν

451 1195 730 1284 οὐρανὸν
795 1204 903 1268 καὶ
972 1200 1089 1290 τὴν
1159 1195 1527 1289 ἀκρόπολιν
1594 1204 1715 1291 τὴν
1779 1209 1899 1273 τοῦ
1955 1203 2127 1284 Διός
2188 1202 2427 1284 ἄνοδος
2495 1212 2612 1274 καὶ

448 1298 640 1369 ταῦτ’
694 1294 774 1370 ἂν
817 1310 1075 1391 γένοιτο
1123 1298 1384 1392 εὐζώνῳ
1432 1300 1608 1394 ἆετῴ
1650 1311 1812 1391 μιᾶς
1857 1304 2125 1394 ἡμέρας.

497 1402 504 1409 ’
620 1411 1046 1475 ΕΤΑΙΡΟΣ.
1144 1414 1229 1474 Τί
1271 1412 1485 1474 ταῦτα
1530 1408 1702 1496 πρὸς
1745 1416 2097 1496 Χαρίτων,
2152 1396 2206 1475 ὦ
2250 1414 2612 1492 Μένιππε,

451 1503 886 1595 ἀστρονομεῖς
927 1512 1040 1577 καὶ
1076 1505 1283 1600 ἡσυχῆ
1331 1536 1479 1589 πως
1523 1505 1947 1596 ἀναμετρεῑς;
1996 1512 2212 1580 πάλαι
2254 1511 2380 1599 γὰρ
2426 1511 2607 1579 ἐπα-
2626 1528 2715 1578 752

447 1615 748 1696 κροιῦμαί
793 1635 914 1679 σου
961 1606 1353 1679 ἀκολουθῶν
1414 1610 1645 1703 ἡλίους
1687 1640 1795 1681 και
1860 1614 2167 1701 σελήνας,
2226 1614 2327 1681 ε’τι
2385 1615 2460 1681 δὲ
2523 1618 2613 1683 τὰ

450 1714 735 1801 φορτικὰ
781 1718 990 1781 ταῦτα
1037 1715 1389 1799 σταθμούς
1430 1742 1619 1794 τινας
1662 1721 1775 1783 καὶ
1808 1717 2246 1819 παρασάγγας
2288 1713 2613 1796 ὗποξενί-

451 1816 691 1899 ζοντος.

619 1923 843 1983 ΜΕΝ.
917 1918 1038 2004 Μὴ
1072 1918 1452 2007 θαυμάσῃς,
1499 1946 1552 1985 ω
1586 1919 1824 2005 ἑταῖρε,
1874 1920 1933 1987 εἰ
1962 1926 2265 2007 μετέωρα
2308 1926 2424 1989 καὶ
2456 1922 2613 1989 δια-

451 2024 598 2141 έρια
643 2019 818 2085 δοκῶ
869 2042 980 2086 σοι
1026 2019 1405 2105 λέγειν·τὸ
1454 2021 1823 2108 κεφάλαιον
1865 2020 1991 2110 γὰρ
2052 2021 2131 2112 δὴ
2178 2022 2353 2107 πρὸς
2401 2024 2611 2107 ἐμαυ-

449 2120 568 2188 τὸν
614 2120 962 2207 λογίζομαι
1004 2125 1122 2208 τῆς
1171 2122 1442 2209 ε’ναγχος
1488 2119 1893 2211 ἀποδημίας.

621 2229 924 2292 ΕΤΑΙΡ.
1000 2221 1188 2304 Εἶτα,
1237 2212 1486 2311 ωγαθέ,
1531 2225 1849 2314 καθάπερ
1883 2227 1949 2293 οι
1982 2232 2296 2305 Φοίνικες
2326 2222 2610 2312 ἄστροις

451 2326 837 2411 ἐτεκμαίρου
881 2325 1000 2416 τὴν
1044 2324 1240 2409 ὁδόν,·

622 2434 844 2495 ΜΕΝ.
956 2424 1050 2496 Οὐ
1107 2427 1203 2512 μὰ
1259 2434 1427 2510 Δία,
1490 2422 1638 2495 ἀλλ’
1714 2429 1782 2498 ἐν
1843 2424 2069 2508 αὐτοῖς
2124 2444 2266 2508 τοῖς
2322 2426 2608 2515 ἄστροις

450 2531 817 2621 ἐποιούμην
859 2530 978 2617 τὴν
1024 2523 1431 2619 ἇποδημίαν.

619 2638 920 2702 ΕΤΑΙΡ.
989 2628 1363 2719 Ἡράκλεις,
1410 2633 1662 2720 μακρόν
1706 2659 1856 2702 τινα
1901 2633 2018 2702 τὸν
2064 2659 2322 2718 ονειρον
2370 2636 2605 2721 λέγεις,

448 2738 514 2804 εἴ
551 2762 624 2823 γε
670 2736 917 2803 σαυτὸν
961 2736 1207 2814 ε’λαθες
1249 2740 1776 2855 κατακοιμηθεὶς
1820 2736 2260 2822 παρασάγγας
2305 2728 2526 2815 ὅλους.

378 2856 415 2908 2
622 2845 680 2906 2.
729 2844 955 2906 ΜΕΝ.
1031 2834 1332 2961 Ὄνειρον
1375 2838 1534 2923 γάρ,
1596 2865 1648 2903 ω
1693 2838 1847 2920 τάν,
1893 2839 2067 2907 δοκῶ
2112 2862 2222 2905 σοι
2268 2840 2483 2924 λέγειν
2529 2838 2609 2917 ὃς

449 2936 697 3028 ἀρτίως
741 2935 1032 3030 ἀφῖγμαι
1077 2940 1264 3025 παρὰ
1307 2944 1429 3007 τοῦ
1471 2941 1676 3024 Aede,-

620 3047 921 3108 ETAIP.
1023 3046 1186 3120 Πῶς
1245 3043 1557 3130 ἕφησθα,·
1624 3047 1995 3120 Μένιππος
2060 3038 2215 3130 ἡμῖν
2283 3043 2609 3131 διοπετὴς

447 3146 770 3232 πάρεστιν
818 3144 890 3223 ἐξ
931 3138 1214 3229 οὐρανοῦ
1226 3174 1248 3226 ,·

617 3252 844 3313 ΜΕΝ.
903 3249 1040 3313 Καὶ
1071 3244 1202 3335 μὴν
1233 3240 1360 3333 ἐγώ
1392 3270 1503 3313 σοι
1533 3240 1703 3332 παρ’
1742 3240 1945 3312 αὐτοῦ
1990 3243 2235 3312 ἐκείνου
2266 3251 2387 3313 τοῦ
2418 3248 2604 3314 πάνυ

446 3350 616 3429 Διὸς
671 3343 806 3439 ἥκω
861 3347 1146 3436 τήμερον
1202 3348 1561 3433 θαυμάσια
1616 3349 1727 3414 καὶ
1775 3341 2063 3425 ἀκούσας
2116 3350 2229 3415 καὶ
2282 3348 2480 3415 ἰδών·
2540 3350 2606 3415 εἰ
2622 3363 2711 3413 753

449 3455 520 3521 δὲ
567 3448 911 3533 ἀπιστεῖς,
971 3452 1084 3517 καὶ
1143 3444 1301 3517 αὐτὸ
1362 3454 1560 3517 τοῦτο
1616 3446 2241 3538 ὑπερευφραίνομαι
2296 3449 2373 3517 τὸ
2420 3455 2605 3536 πέρα

449 3564 743 3634 πίστεως
787 3547 1094 3637 εὐτυχεῖν.

621 3661 924 3722 ΕΤΑΙΡ.
1000 3657 1134 3722 Καὶ
1181 3658 1330 3732 πῶς
1376 3681 1457 3720 αν
1496 3653 1714 3739 ε’γωγε,
1760 3680 1812 3717 ω
1846 3657 2180 3719 θεσπέσιε
2222 3654 2335 3718 καὶ
2356 3646 2606 3739 Ὀλύμ-

448 3787 567 3828 πιε
610 3764 974 3840 Μένιππε,
1035 3756 1342 3846 γεννητὸς
1388 3750 1589 3833 αυτὸς
1646 3758 1759 3821 καὶ
1805 3754 2100 3842 ἐπίγειος
2144 3781 2234 3823 ων
2282 3748 2605 3825 άπιστεῖν

450 3864 771 3982 δυναίμην
813 3856 1244 3948 ὑπερνεφέλῳ
1304 3853 1493 3978 ἆνδρὶ
1551 3860 1660 3923 καὶ
1706 3858 1818 3924 ἵνα
1874 3851 2039 3923 καθ>
2074 3850 2366 3946 Ὅμηρον
2421 3857 2607 3925 ε’ίπω

447 3968 581 4031 τῶν
638 3957 1078 4051 Οὐρανιώνων
1123 3960 1256 4043 ἑνί,
1313 3954 1463 4026 ἀλλ’
1518 3958 1730 4027 ἐκεῖνά
1787 3985 1906 4043 μοι
1952 3958 2241 4046 φράσον,
2288 3957 2349 4023 εἰ
2397 3958 2606 4043 δοκεῖ,
