2750 4534
1532 171 1541 199 f

1085 226 1385 299 τοΞΑΒιε.
2092 212 2099 219 ’
2191 240 2311 302 179

371 424 489 495 μὲν
557 416 890 499 ἄγροικον)
954 425 1066 490 „at
1118 418 1276 478 illud
1329 418 1567 491 quidem
1624 422 1907 491 affre-siff
1974 418 2313 477 exclamans

373 516 590 598 (αὖθις
633 515 926 596 ἑλόμενοι
972 516 1309 600 διαστήτην
1354 518 1519 582 εἶναι
1562 514 1635 595 ὃς
1679 516 1761 583 ἂν
1802 515 2016 600 ἥττων
2058 522 2313 600 γένηται

375 619 873 704 ἀποτετμήσεται
928 618 1074 686 τότε
1117 618 1154 702 ἢ
1200 618 1324 700 ἐγὼ
1367 618 1483 703 τὴν
1527 629 1823 699 γλῶτταν
1865 619 1903 703 ἢ
1950 618 2033 685 σὺ
2076 618 2313 699 δεξιάν)

376 727 638 803 „quidni
681 728 787 799 ait,
831 732 1088 799 uterque
1130 741 1266 786 cum
1311 740 1471 799 quae
1514 731 1573 785 et
1616 732 1848 799 quanta
1896 726 1976 786 sit
2010 727 2317 787 amicitiae

382 832 471 891 vis
527 846 605 891 ac
647 830 838 890 virtus
888 830 1362 898 consentiamus,
1410 843 1579 902 pace
1634 830 1967 903 composita
2021 830 2315 888 malumus

379 934 562 993 amici
605 938 664 993 et
692 948 819 993 esse
862 937 923 991 et
970 932 1034 990 in
1079 938 1393 991 aeternum
1435 944 1701 1001 manere,
1751 931 1865 992 hoc
1911 938 2076 991 certe
2119 936 2316 991 certa*
2415 927 2418 933 '

375 1035 554 1094 minis
587 1035 870 1108 praemio
912 1039 1226 1109 reportato
1246 1077 1264 1104 ,
1309 1039 1376 1093 ui
1425 1031 1721 1109 Geryonis
1762 1036 2039 1107 exemplo
2086 1038 2312 1106 quanto

383 1137 864 1207 coniunctiores,
921 1141 1089 1197 tanto
1143 1135 1439 1210 fortiores
1482 1136 1869 1195 evadamus.“
1955 1134 2313 1210 Comprobat

377 1238 492 1299 hoe
521 1238 777 1298 Toxaris
809 1236 1170 1297 collaudans.
1261 1235 1391 1309 Quo
1435 1235 1595 1297 facto
1641 1240 1944 1315 sanguinis
1976 1238 2311 1299 discrimine

377 1341 438 1399 in
483 1357 654 1399 omne
697 1342 930 1414 tempus
973 1339 1225 1418 sublato,
1272 1337 1417 1413 quid
1457 1336 1729 1415 frigidius
1761 1342 1868 1418 est,
1915 1356 2090 1415 quam
2122 1340 2315 1401 denuo

379 1444 457 1516 (e.
519 1445 626 1515 63)
680 1440 756 1500 ad
809 1440 964 1501 idem
1019 1457 1365 1520 recurrere,
1422 1441 1506 1500 ita
1559 1444 1624 1499 ut
1678 1440 1824 1499 nihil
1879 1460 2121 1517 prorsus
2178 1444 2318 1503 novi

379 1542 700 1604 adferatur.

549 1646 630 1707 Ut
686 1650 880 1706 autem
939 1645 1014 1706 de
1058 1649 1182 1706 toto
1225 1645 1464 1723 dialogo
1509 1645 1700 1706 dicam
1745 1647 1903 1722 quod
1946 1649 2134 1707 sentio
2153 1692 2169 1725 ,
2230 1653 2319 1709 est

377 1750 664 1824 seriptum
703 1748 922 1808 bonum
936 1792 953 1827 ‚
1009 1748 1260 1823 probum
1317 1766 1354 1806 a
1399 1747 1735 1809 Graecitale
1792 1749 1953 1810 haud
2007 1750 2318 1810 admodum

379 1853 673 1931 alienum,
733 1850 844 1911 sed
888 1851 1156 1927 quamvis
1200 1852 1262 1909 in
1309 1868 1380 1911 eo
1424 1870 1641 1929 magua
1682 1854 1760 1912 sit
1800 1870 1996 1912 rerum
2039 1854 2319 1937 varietas,

380 1951 762 2013 somniferam
793 1957 852 2013 et
875 1952 1058 2013 taedii
1099 1953 1340 2030 plenum
1369 1957 1435 2013 ut
1463 1955 1564 2028 qui
1594 1955 1800 2032 legunt
1825 1953 2003 2015 facile
2032 1956 2321 2032 languore

381 2073 704 2131 oppressos
747 2055 975 2117 videas.
1063 2055 1350 2128 Quoniam
1394 2057 1574 2133 igitur
1601 2056 1663 2116 id
1704 2058 1898 2133 ipsum
1929 2057 2117 2137 deest,
2164 2058 2323 2133 quod

381 2158 635 2217 Lueiani
663 2158 763 2218 vel
793 2160 1044 2217 maxime
1076 2160 1380 2233 proprium
1412 2162 1521 2237 est,
1563 2163 1629 2218 υῒ
1657 2159 1989 2220 alacerrimi
2018 2163 2079 2220 et
2106 2178 2320 2221 venus-

378 2261 590 2320 tissimi
641 2261 867 2337 ingenii
908 2277 1207 2336 nunquam
1249 2277 1368 2320 non
1411 2261 1783 2336 promineant
1823 2263 2107 2341 vestigia,
2165 2262 2322 2322 hune

383 2361 596 2421 librum
619 2362 719 2422 vel
749 2361 825 2422 ob
854 2362 916 2422 id
943 2363 1137 2438 ipsum
1157 2362 1424 2421 Luciano
1452 2361 1713 2422 tribuere
1742 2362 1914 2423 nefas
1947 2382 2077 2424 esse
2106 2363 2321 2423 iudico.
2432 2352 2437 2357 ’

383 2463 505 2525 Sed
559 2482 634 2525 ne
692 2466 898 2541 paucis
940 2482 1154 2525 vereor
1208 2463 1362 2524 hane
1407 2480 1596 2523 meam
1640 2467 1991 2525 sententiam
2034 2468 2143 2527 sim
2186 2484 2321 2542 per-

383 2583 687 2626 suasurus.
763 2565 905 2627 Cod.
938 2566 988 2625 Β
1018 2566 1342 2644 pei-bonae,
1386 2566 1441 2625 A
1484 2567 1546 2624 in
1590 2566 1702 2627 hoc
1747 2567 1984 2644 dialogo
2029 2570 2323 2644 pessimae

381 2672 576 2728 notae.

724 2937 1133 3004 IUPPITER
1178 2935 1777 3005 CONFUTATUS.

171 3142 365 3203 Codd.
413 3141 576 3203 Gort.
608 3139 680 3203 A.
769 3144 952 3205 Mare.
998 3137 1066 3201 Ω
1153 3143 1340 3203 Mare.
1374 3149 1515 3205 445.
1600 3145 1733 3203 Vat.
1769 3144 1840 3206 21.
1927 3146 2063 3204 Vat.
2108 3139 2158 3202 Γ
2182 3146 2326 3206 Μυῒ.

169 3298 222 3339 e.
246 3285 316 3347 ,1,

177 3709 231 3750 e.
266 3693 323 3749 2.

388 3284 519 3341 καὶ
569 3284 892 3359 χρυσίον
945 3276 967 3361 Ι
1021 3270 1068 3359 ἢ
1119 3276 1432 3360 χρυσὸν
1478 3276 1699 3341 Ω445
1734 3276 1839 3342 211*
1882 3283 2026 3342 Mut.
2072 3316 2155 3327 -
2197 3288 2328 3345 καὶ

392 3388 756 3459 βασιλείας
800 3380 818 3464 {l
858 3379 898 3463 ἢ
940 3388 1318 3459 βασιλείαν
1350 3376 1418 3442 Ω
1452 3388 1572 3444 445
1606 3379 1711 3445 ἳῑΓ
1746 3386 1891 3443 Μυῒ.
1923 3416 2007 3426 -
2035 3397 2173 3459 τοῖς
2220 3381 2329 3448 ἆλ-

391 3481 617 3563 λοιςΙΙ
647 3510 703 3551 τ.
751 3492 1095 3561 πολλοῖς
1125 3486 1269 3545 Μυῒ.
1316 3520 1397 3531 -—-
1433 3491 1563 3548 καὶ
1609 3491 1737 3549 σοὶ
1783 3482 1878 3549 οὐ
1920 3482 2096 3549 πάνυ
2143 3481 2329 3568 ῥᾴδια

398 3601 749 3667 παρασχεῖν
791 3582 812 3669 ΙΙ
856 3593 982 3651 σοὶ
1027 3585 1096 3651 δ’
1142 3586 1260 3667 ου’,
1306 3607 1431 3649 om.
1478 3592 1608 3651 καὶ
1652 3581 1828 3649 ΩἳίΓ
1860 3589 2001 3648 Μυῒ.

398 3687 588 3753 οὐδὲν
645 3686 767 3771 γὰρ
811 3687 906 3753 ἂν
952 3685 1167 3754 οὕτω
1212 3692 1491 3768 γένοιτο
1543 3685 1565 3773 ΙΙ
1618 3685 1836 3753 οὕτω
1879 3688 2188 3769 γένοιτ’
2234 3687 2329 3754 ἂν

397 3785 517 3850 ΩΓ
548 3791 690 3853 Μυῒ.
727 3814 831 3836 ⁴—-
889 3787 1265 3873 συγγνώμη,
1312 3795 1368 3854 εἰ
1408 3788 1752 3872 ἄνθρωποι
1798 3787 1980 3867 ὄντες
2025 3790 2331 3870 ἀγνοοῦσι

397 3891 673 3974 τάληθὲς
729 3891 1133 3971 ἀπελθόντος
1192 3896 1443 3957 ἐκείνου
1456 3945 1475 3973 ,
1535 3885 1577 3954 ὃ
1631 3895 1789 3969 τέως
1845 3891 2106 3975 παρὸν
2152 3894 2332 3975 ἐῤῥα-

399 3991 601 4079 ψςόὸει
647 3992 739 4058 δι’
783 3993 1004 4059 αὐτῶν
1061 3992 1078 4075 ¹!
1133 3991 1218 4071 ὃς
1263 3997 1419 4071 τέως
1478 3990 1756 4076 παρὼν
1803 3996 1928 4076 ἐῤῥ.
1979 3993 2067 4058 δι’
2112 3993 2331 4058 αὐτῶν

1821 4096 1922 4148 12*
