2750 4534
968 230 1130 281 ΖΕΥΣ
1162 229 1536 283 ΤΡΔΓΩιΔΟΣ.
2210 233 2243 287 1
2256 231 2285 287 1
2296 230 2332 287 9

182 396 470 487 μελητὴς
518 392 933 465 ἀπεδέδεικτ’
997 387 1078 463 ἂν
1133 388 1174 484 ἢ
1230 405 1455 481 τοίχου
1510 395 1725 481 ἅρχων
1767 390 1809 485 ἢ
1867 400 2138 479 πάντως
2197 400 2327 485 πρὸ

91 504 314 567 698τῶν
361 500 608 582 ἄλλων,
655 498 689 567 5
740 501 812 567 δὲ
857 494 1131 589 ὀκνηρὸς
1165 503 1276 567 καὶ
1323 496 1631 589 ῥᾴθυμος
1663 495 1924 567 ἐπαίετ’
1980 492 2058 567 ἂν
2088 506 2186 587 τιῦ
2214 530 2331 568 κα-

181 604 402 689 λωδίῳ
467 600 784 681 πεντάκις
826 607 941 688 τῆς
999 598 1248 722 ἡμέρας
1300 628 1369 681 ες
1411 602 1529 692 τὴν
1573 603 1883 691 κεφαλήν.
1975 596 2153 670 ὥστε
2199 627 2327 685 σοι,

180 702 228 767 εὖ
288 704 806 789 θαυμάσιε,τὸ
868 708 984 793 τῆς
1043 703 1204 781 νειὸς
1259 709 1456 771 τοῦτο
1502 704 1929 790 παράδειγμα
1970 706 2331 774 κινδυνεύει

181 807 736 894 περιτετράφθαι
780 810 979 874 κακοῦ
1023 810 1142 873 τοῦ
1185 807 1580 896 κυβερνήτου
1625 807 1991 895 τετυχηκός.

346 916 453 976 50.
505 912 756 975 ΜΩΜ.
834 911 1040 975 Ταυτὶ
1095 908 1215 992 μὲν
1270 904 1395 996 ἤδη
1442 908 1609 975 κατὰ
1656 910 1811 997 ῥοῦν
1856 922 2189 995 προχωρεῖ
2230 912 2328 995 τῶ
2356 918 2433 974 50

177 1011 438 1095 Δάμιδι
486 1014 596 1078 καὶ
644 1013 1044 1131 πλησίστιος
1089 1010 1206 1077 ἐπὶ
1249 1008 1368 1095 τὴν
1415 1017 1595 1099 νίκην
1640 1016 1937 1098 φέρεται.

344 1119 601 1179 ΖΕΥΣ.
653 1107 935 1196 Ὀρθῶς,
983 1138 1034 1177 ω
1082 1116 1322 1195 Μῶμε,
1367 1112 1664 1193 εἰκάζεις.
1711 1110 1746 1180 5
1796 1106 1860 1179 δ’
1912 1108 2099 1179 οὐδὲν
2146 1112 2326 1195 ἰσχυ-

179 1213 289 1296 ρὸν
335 1212 372 1281 5
431 1218 766 1303 Τιμοκλῆς
811 1214 1098 1295 επινοεῖ,
1159 1207 1329 1280 ἀλλὰ
1382 1213 1467 1281 τὰ
1512 1214 1700 1281 κοινὰ
1743 1218 1956 1281 ταῦτα
1998 1217 2109 1281 καὶ
2153 1209 2318 1281 καθ’

178 1313 424 1404 ἡμέραν
489 1313 662 1383 α’λλα
719 1311 832 1383 επ’
898 1312 1126 1393 αλλοις
1182 1310 1676 1401 ευπερίτρεπτα
1720 1316 1945 1383 πάντα
1990 1315 2323 1383 ἐπαντλεῖ.

341 1426 447 1485 51.
507 1425 702 1484 ΤΙΜ.
773 1412 1022 1486 Οὐκοῦν
1081 1417 1232 1484 ἐπεὶ
1282 1422 1402 1506 τῆς
1444 1418 1607 1495 νεώς
1652 1418 1726 1483 τὸ
1776 1418 2200 1506 παράδειγμα
2248 1415 2325 1484 οὖ
2354 1429 2423 1483 51

181 1519 350 1587 πάνυ
411 1544 527 1587 σοι
587 1520 852 1605 ἰσχυρὸν
910 1517 1080 1587 εἶναι
1138 1520 1393 1601 ἔδοξεν,
1454 1516 1737 1587 ἄκουσον
1786 1515 1911 1609 ἤδη
1955 1519 2075 1606 τὴν
2121 1519 2323 1603 ἱεράν,

95 1629 400 1709 θθθφησίν,
451 1618 741 1708 ἄγκυραν
784 1624 893 1687 καὶ
939 1621 1016 1710 ἣν
1064 1616 1340 1711 οὐδεμιᾷ
1383 1626 1641 1711 μηχανῇ
1688 1616 2107 1709 ἀπορρήξεις.

340 1729 596 1789 ΖΕΥΣ.
651 1729 734 1790 Τί
779 1717 938 1790 ποτ’
993 1719 1124 1807 ἄρα
1166 1728 1278 1790 καὶ
1326 1723 1493 1808 5962,-

345 1831 546 1891 TIM.
607 1821 818 1903 Ἴδοις
875 1825 999 1911 γὰρ
1058 1825 1118 1891 εἰ
1177 1819 1523 1893 άκόλουθα
1573 1830 1785 1892 ταῦτα
1841 1826 2319 1912 ξυλλογίζομαι,

179 1928 280 1993 καὶ
311 1928 378 1994 εἴ
404 1954 505 2016 πη
542 1923 708 1994 αὐτὰ
755 1928 1032 1994 δυνατόν
1066 1952 1176 1995 σοι
1221 1934 1649 2015 περιτρέψαι.
1740 1928 1799 1996 εἰ
1840 1926 1964 2016 γὰρ
2011 1928 2144 1997 εἰσὶ
2184 1936 2320 2013 βω-

179 2034 320 2110 μοί,
369 2029 503 2096 εἰσὶ
551 2033 660 2096 καὶ
707 2036 896 2096 θεοί·
957 2029 1128 2095 ἀλλὰ
1173 2029 1302 2116 μὴν
1347 2030 1477 2096 εἰσὶ
1521 2036 1772 2114 βωμοί,
1821 2030 1990 2097 εἰσὶν
2034 2027 2165 2117 ἄρα
2208 2034 2318 2097 καὶ

180 2135 346 2198 θεοί.
403 2138 478 2199 τί
519 2132 694 2216 πρὸς
736 2135 946 2198 ταῦτα
991 2131 1122 2219 φής
1138 2162 1159 2213 ‚-

337 2237 591 2300 ΔΑΜ.
649 2230 776 2300 Ἢν
834 2234 1162 2320 πρότερον
1212 2232 1472 2320 γελάσω
1518 2226 1586 2311 ἐς
1627 2233 1855 2319 κόρον,
1918 2227 2319 2320 ἀποκρινοῦ-

183 2340 296 2411 μαί
338 2357 472 2403 σοι.

347 2442 549 2502 ΤΙΜ.
603 2430 791 2503 Ἀλλ’
843 2437 1064 2515 ἔοικας
1109 2429 1260 2504 οὐδὲ
1305 2436 1701 2503 παύσεσθαι
1744 2438 1983 2522 γελῶν·
2048 2438 2197 2505 εἰπὲ
2245 2439 2316 2505 δὲ

179 2528 421 2619 ὅμως(
393 2536 537 2629 όπη
585 2564 692 2607 σοι
738 2542 997 2626 γελοῖον
1043 2538 1228 2616 έδοξε
1271 2538 1345 2605 τὸ
1398 2539 1739 2627 εἰρημένον
1786 2535 1977 2605 εἶναι.

335 2646 585 2708 ΔΑΜ.
615 2634 768 2709 Ότι
799 2635 914 2707 οὐκ
958 2640 1256 2727 αἰσθάνῃ
1304 2640 1441 2707 ἀπὸ
1493 2643 1736 2729 λεπττς
1780 2640 2012 2725 κρόκης
2056 2635 2314 2726 εξαψά-

179 2743 362 2821 μενός
425 2768 548 2810 σου
593 2742 710 2831 τὴν
767 2739 1083 2829 ἄγκυραν,
1130 2746 1242 2809 καὶ
1286 2746 1495 2809 ταῦτα
1544 2740 1725 2827 ιερὰν
1773 2728 2008 2809 οὖσαν·
2066 2742 2141 2808 τὸ
2189 2743 2313 2829 γὰρ

181 2839 339 2911 εἶναι
365 2844 579 2923 θεοὺς
609 2848 706 2931 τῷ
749 2843 1016 2928 βωμοὺς
1047 2842 1221 2911 εἶναι
1264 2843 1585 2931 ξυνδήσας
1624 2845 1755 2912 σ’ίει
1801 2844 2067 2929 ἰσχυρὸν
2112 2845 2312 2967 ποιή-

98 2949 164 2999 '100
181 2951 434 3013 σασθαι
465 2940 591 3011 ἀπ’
631 2940 846 3013 αὐτῶν
874 2946 992 3012 τὸν
1037 2944 1262 3043 ὅρμον.
1308 2969 1480 3012 ωστε
1524 2945 1671 3013 ἐπεὶ
1703 2946 1909 3035 μηδὲν
1955 2943 2115 3015 ἄλλο
2161 2948 2313 3015 τού-

179 3069 282 3112 του
333 3048 469 3137 φὴς
515 3048 682 3131 ε’χειν
729 3048 945 3116 εἰπεῖν
991 3048 1356 3134 ἱερώτερον,
1407 3042 1714 3133 ἀπίωμεν
1758 3045 1903 3138 ἤδη.

337 3158 442 3219 52.
497 3156 691 3217 ΤΙΜ.
733 3145 1111 3236 Ὁμολογεῖς
1153 3156 1375 3217 τοίνυν
1418 3147 1757 3237 ἡττῆσθαι
1805 3152 2199 3236 προαπιών,·
2339 3162 2414 3219 52

335 3255 583 3318 AAM.
633 3258 790 3333 Ναί,
823 3278 875 3316 ω
919 3250 1403 3336 Τιμόκλεις.σύ
1433 3250 1557 3337 γὰρ
1589 3245 1820 3336 ω’σπερ
1852 3254 1918 3319 οἱ
1947 3249 2082 3318 ὖπό
2113 3279 2312 3321 τινων

181 3352 548 3438 βιαζόμενοι
583 3352 700 3419 ἐπὶ
728 3351 885 3430 τοὺς
925 3353 1193 3437 βωμοὺς
1234 3349 1391 3441 ημῖν
1419 3358 1949 3440 καταπέφευγας.
1996 3347 2187 3434 ω’στε,
2235 3354 2310 3442 νὴ

183 3451 288 3535 τὴν
317 3452 601 3542 άγκυραν
632 3454 750 3542 τὴν
786 3454 985 3539 ιεράν,
1022 3454 1238 3521 ἐθέλω
1273 3461 1699 3523 σπείσασθαι
1726 3452 1851 3576 ήδη
1883 3454 2055 3541 πρὸς
2086 3455 2220 3521 σε’
2192 3449 2303 3521 επ’

185 3548 384 3623 αὐτῶν
426 3582 502 3643 γε
544 3561 676 3623 τῶν
718 3560 996 3642 βωμων,
1044 3582 1134 3635 ως
1178 3562 1407 3645 μηκέτι
1456 3561 1613 3643 περὶ
1657 3557 1907 3623 τούτων
1952 3550 2308 3642 ερίσοιμεν.

344 3664 538 3725 ΤΙΜ.
633 3658 963 3746 Εἰρωνεύῃ
1029 3662 1239 3725 ταῦτα
1305 3658 1477 3741 πρὸς
1545 3657 1692 3741 ἐμέ,
1759 3657 2141 3744 τυμβωρύχε
2195 3663 2308 3726 καὶ

183 3761 365 3843 μιαρὲ
393 3764 506 3828 καὶ
534 3762 958 3827 κατάπτυστε
991 3764 1104 3828 καὶ
1146 3766 1467 3847 μαστιγία
1510 3766 1621 3828 καὶ
1665 3756 2005 3848 κάθαρμα.
2063 3756 2137 3827 05
2182 3761 2308 3847 γὰρ

185 3855 360 3941 ἰ’σμεν
390 3857 650 3940 οὗτινος
691 3864 812 3946 μὲν
857 3861 1116 3948 πατρὸς
1160 3859 1239 3944 εἶ,
1287 3866 1435 3940 πῶς
1480 3862 1552 3929 δὲ
1594 3859 1635 3952 ἡ
1679 3861 1892 3953 μήτηρ
1940 3885 2057 3930 σου
2104 3861 2309 3950 ἐπορ-

187 3960 408 4045 νεύετο,
454 3968 567 4031 καὶ
612 3960 702 4042 ὥς
745 3963 864 4031 τὸν
909 3958 1202 4051 ἀδελφὸν
1249 3956 1627 4043 ἀπέπνιξας
1669 3967 1779 4031 καὶ
1824 3964 2153 4049 μοιχεύεις
2195 3969 2309 4033 καὶ
