2750 4534
964 286 1519 341 ΙΚΑΡΟΜΕΝΙΠΠΟΣ.
2191 285 2312 341 155

153 453 382 535 δέους,
443 456 768 542 εἱστήκειν
827 457 898 522 δὲ
959 450 1142 540 ὅμως
1203 454 1449 541 ἀχανὴς
1503 456 1613 521 καὶ
1670 449 1806 520 ῦπὸ
1867 458 1985 543 τῆς
2027 457 2313 541 μεγαλο-

154 562 423 642 φωνίας
483 556 1102 645 ἐμβεβροντημένος.
1201 556 1419 643 χρόνῳ
1487 548 1551 621 δ’
1618 554 1903 640 ἐμαυτὸν
1962 550 2312 640 ἀναλαβών

153 651 436 724 ἅπαντα
499 659 855 747 διηγούμην
923 662 1160 746 σαφῶς
1217 654 1485 725 ἄνωθεν
1545 651 1943 743 ἀρξάμενος,
2011 653 2103 735 ῶς
2162 656 2313 725 ἐπι-

152 760 550 849 θυμήσαιμι
591 760 675 827 τὰ
719 765 1022 847 μετέωρα
1069 761 1410 844 ἐκμαθεῖν,
1467 755 1556 838 ὡς
1601 759 1879 843 ἔλθοιμι
1922 758 2109 846 παρὰ
2155 758 2313 836 τοῦς

155 862 616 949 φιλοσόφους,
673 859 764 940 ῶς
805 858 1129 929 τάναντία
1175 862 1500 948 λεγόντων
1548 855 1942 944 ἀκούσαιμι,
1991 859 2081 938 ὡς
2128 855 2311 926 άπα-

155 965 554 1051 γορεύσαιμι
599 966 1070 1050 διασπώμενος
1113 961 1246 1032 ὗπό
1307 969 1441 1031 τῶν
1487 964 1729 1050 λόγων,
1790 961 1935 1030 εἶτα
1992 964 2137 1049 ἑξῆς
2190 963 2309 1053 τὴν

160 1065 473 1134 ἐπίνοιαν
518 1070 628 1134 καὶ
672 1066 758 1134 τὰ
802 1066 1018 1153 πτερὰ
1063 1070 1175 1135 καὶ
1217 1054 1431 1133 τᾶλλα
1476 1067 1700 1133 πάντα
1741 1072 1929 1150 μέχρι
1976 1065 2150 1149 πρὸς
2192 1066 2309 1133 τὸν

55 1181 141 1231 '¹179
159 1163 475 1255 οὐρανόν·
545 1168 661 1237 ἐπὶ
721 1173 894 1237 πᾶσι
942 1170 1013 1236 δὲ
1070 1175 1467 1256 προσέθηκα
1514 1167 1597 1234 τὰ
1654 1165 1789 1235 ὑπὸ
1850 1172 1969 1256 τῆς
2023 1168 2312 1257 Σελήνης

156 1271 639 1355 ἐπεσταλμένα.
708 1271 1067 1355 μειδιάσας
1099 1265 1162 1337 δ’
1204 1258 1318 1338 οῦν
1347 1268 1383 1338 ὃ
1418 1269 1589 1350 Ζεὺς
1616 1273 1729 1337 καὶ
1757 1271 1993 1354 μικρὸν
2038 1269 2311 1349 ἐπανεὶς

155 1377 286 1439 τῶν
334 1366 639 1462 ὀφρύων,
708 1380 794 1441 Τί
838 1364 918 1439 ὃν
966 1376 1197 1459 λέγοις,
1245 1381 1483 1462 φησίν,
1527 1368 1727 1439 Ὤτου
1772 1378 1933 1458 πέρι
1976 1376 2085 1439 καὶ
2124 1366 2308 1461 Ἐφι-

157 1474 394 1553 άλτου,
464 1467 638 1542 ὅπου
696 1478 804 1542 καὶ
865 1480 1242 1553 Μένιππος
1309 1474 1669 1562 ἐτόλμησεν
1727 1474 1794 1551 ἐς
1850 1473 1966 1540 τὸν
2025 1468 2307 1559 οὐρανὸν

157 1572 508 1660 άνελθεῖνς
564 1575 734 1643 ἀλλὰ
799 1581 912 1643 νῦν
956 1578 1076 1660 μὲν
1138 1576 1254 1644 ἐπὶ
1301 1577 1483 1655 ξένιά
1544 1600 1619 1643 σε
1661 1579 2017 1660 καλοῦμεν,
2077 1573 2306 1664 αὔριον

159 1679 249 1760 δέ,
299 1678 450 1767 ἔφη,
499 1682 654 1766 περὶ
701 1674 792 1745 ὧν
835 1674 1013 1767 ἥκεις
1039 1687 1568 1769 χρηματίσαντες
1613 1672 2136 1765 ἀποπέμψομεν.
2193 1686 2304 1749 καὶ

159 1780 300 1865 ἅμα
347 1780 715 1860 ἐξαναστὰς
761 1780 1059 1867 ἐβάδιζεν
1092 1781 1158 1860 ἐς
1200 1782 1274 1849 ‘co‘
1310 1782 1780 1869 ἐπηκοώτατον
1824 1786 1942 1848 τοῦ
1988 1778 2301 1869 ούρανοῦ·

157 1882 390 1970 καιρὸς
432 1884 557 1969 γὰρ
601 1869 681 1969 ἦν
713 1882 827 1951 ἐπὶ
871 1888 1005 1950 τῶν
1043 1878 1247 1968 εὐχῶν
1288 1884 1728 1963 καθέζεσθαι.
1805 1890 1903 1951 24.
1950 1884 2195 1968 μεταξύ
2235 1911 2308 1952 τε
2336 1894 2414 1947 24

157 1984 421 2073 προϊών
480 1979 775 2071 ἀνέκρινέ
816 2012 901 2071 με
959 1990 1117 2073 περὶ
1162 1991 1296 2053 τῶν
1348 1986 1416 2054 ἐν
1460 1992 1542 2074 τῇ
1596 1991 1677 2075 γῇ
1722 1987 2166 2073 πραγμάτων,
2223 1986 2307 2053 τὰ

157 2091 398 2172 πρῶτα
449 2088 569 2171 μὲν
615 2086 863 2168 ἐκεῖνα,
922 2088 1140 2156 πόσου
1187 2093 1299 2155 νῦν
1356 2084 1393 2155 ό
1442 2089 1656 2174 πυρός
1714 2087 1893 2157 ἐστιν
1938 2085 2135 2168 ὤνιος
2193 2088 2307 2157 ἐπὶ

157 2193 273 2276 τῆς
332 2185 674 2271 Ἑλλάδος,
749 2193 856 2257 καὶ
929 2190 988 2257 εἰ
1057 2187 1582 2278 σφόδρα-ήμῶν
1649 2187 1683 2257 o‘
1755 2196 1998 2276 πέρυσι
2060 2191 2307 2275 χειμών

156 2297 510 2373 καθίκετο,
571 2296 681 2359 καὶ
742 2292 801 2359 εἰ
846 2291 929 2359 τὰ
985 2292 1234 2376 λάχανα
1280 2293 1495 2361 δεῖται
1542 2295 1854 2372 πλείονος
1899 2293 2303 2379 ἐπομβρίας·

159 2391 326 2476 μετὰ
378 2394 449 2461 δὲ
493 2388 718 2482 ἠρώτα
764 2395 830 2461 εἴ
869 2421 974 2474 τις
1017 2395 1116 2461 ἐτι
1164 2398 1472 2462 λείπεται
1516 2399 1649 2461 τῶν
1693 2390 1830 2462 άπὸ
1870 2397 2149 2462 Φειδίου
2194 2400 2304 2463 καὶ

58 2489 249 2564 78οδι’
318 2494 400 2583 ἣν
467 2496 688 2564 αἰτίαν
747 2496 1086 2565 ἐλλίποιεν
1121 2491 1480 2586 Ἀθηναῖοι
1535 2495 1618 2564 τὰ
1664 2498 1921 2565 Διάσια
1966 2498 2305 2565 τοσούτων

157 2597 342 2679 ἐτῶν,
390 2600 496 2664 καὶ
533 2596 695 2666 εἰτὸ
723 2593 1154 2683 Ὀλυμπίειον
1202 2594 1382 2686 αὐτῶ
1428 2599 1813 2667 ἐπιτελέσαι
1860 2600 2307 2682 διανοοῦνται,

159 2705 269 2769 καὶ
330 2701 390 2769 εἰ
448 2702 968 2791 συνελήφθησαν
1028 2704 1093 2768 οἱ
1148 2701 1266 2770 τὸν
1324 2701 1393 2768 ἐν
1450 2702 1750 2790 Δωδώνῃ
1810 2699 1972 2769 νεῶν
2032 2703 2311 2792 σεσυλη-

157 2804 363 2882 κότες.
441 2804 591 2871 ἐπεὶ
640 2804 711 2870 δὲ
755 2807 914 2888 περὶ
959 2803 1214 2871 τούτων
1251 2798 1726 2892 ἀπεκρινάμην,
1776 2804 1950 2870 Εἰπέ
1978 2830 2115 2888 μοι,
2163 2812 2309 2871 Μέ-

159 2932 403 2986 νιππε,
473 2906 636 2994 ἔφη,
706 2910 864 2989 περὶ
911 2907 984 2973 δὲ
1049 2905 1209 2990 ἐμοῦ
1268 2908 1333 2972 οἱ
1406 2902 1768 2993 ἄνθρωποι
1827 2912 1979 2973 τίνα
2043 2910 2309 2996 γνώμην

160 3008 382 3092 ἔχουσι
397 3039 418 3092 ,·
484 3014 681 3089 Τίνα,
740 3009 940 3097 ἔφην,
1001 3010 1329 3091 δέσποτα,
1391 3000 1435 3097 ἢ
1479 3009 1597 3098 τὴν
1644 3003 2137 3098 εὐσεβεστάτην,
2183 3016 2307 3096 βα-

158 3113 353 3177 σιλέα
401 3134 474 3176 σε
521 3107 692 3177 εἶναι
739 3112 1014 3177 πάντων
1058 3114 1274 3194 θεῶν,·
1318 3110 1598 3191 Παίζεις
1644 3110 1826 3194 ἔχων,
1874 3112 2022 3200 ἐ’φη.
2111 3112 2186 3179 τὸ
2237 3114 2307 3178 δὲ

156 3210 552 3299 φιλόκαινον
601 3209 814 3279 αὐτῶν
876 3206 1162 3298 ἀκριβῶς
1210 3209 1394 3295 οἶδα,
1454 3203 1574 3279 κόἷν
1616 3212 1707 3303 μὴ
1766 3216 1973 3301 λέγῃς.
2060 3200 2138 3303 ἦν
2181 3215 2307 3301 γάρ

155 3340 328 3381 ποτε
367 3314 636 3399 χρόνος,
695 3307 809 3381 ὅτε
851 3318 959 3381 καὶ
1018 3315 1254 3398 μάντις
1310 3314 1579 3383 ἐδόκουν
1641 3309 1868 3395 αὐτοῖς
1910 3319 2020 3382 καὶ
2079 3315 2309 3401 ἰατρὸς

155 3421 268 3484 καὶ
316 3417 538 3483 πάντα
584 3410 756 3495 ὅλως
798 3404 879 3503 ἦν
926 3415 1070 3503 ἐγώ,

580 3523 821 3603 μεσταὶ
868 3519 940 3585 δὲ
983 3517 1155 3597 Διὸς
1209 3522 1432 3585 πᾶσαι
1475 3520 1593 3603 μὲν
1641 3514 1885 3605 ἆγυιαί,

331 3625 552 3688 πᾶσαι
598 3615 661 3688 δ’
716 3615 1106 3707 ἀνθρώπων
1151 3615 1424 3707 ἀγοραί·

157 3726 268 3790 καὶ
313 3721 351 3809 ἡ
386 3724 682 3811 Δωδώνη
729 3724 883 3791 τότε
911 3727 1020 3791 καὶ
1066 3719 1328 3812 ἡΠῑσα
1373 3725 1675 3807 λαμπραὶ
1706 3726 1819 3789 καὶ
1864 3724 2305 3807 περίβλεπτοι

159 3829 370 3892 πᾶσιν
413 3811 614 3914 ἦσαν,
673 3821 805 3892 ὖπὸ
857 3826 928 3891 δὲ
981 3828 1102 3892 τοῦ
1144 3827 1402 3891 καπνοῦ
1458 3827 1591 3889 τῶν
1637 3827 1897 3891 θυσιῶν
1943 3818 2097 3891 οῦδὲ
2144 3818 2306 3892 ἆνα-

155 3929 435 4011 βλέπειν
477 3953 596 4012 μοι
643 3927 957 3995 δυνατόν·
1006 3926 1079 4005 ἐξ
1120 3921 1198 3993 οὗ
1245 3927 1316 3992 δὲ
1357 3926 1425 3991 ἐν
1456 3926 1756 4013 Δελφοῖς
1798 3928 1919 4009 μὲν
1954 3920 2306 3994 Ἀπόλλων

157 4029 232 4097 τὸ
280 4044 594 4115 μαντεῖον
637 4030 1119 4117 κατεστήσατο,
1183 4029 1252 4096 ἐν
1297 4028 1632 4116 Περγάμῳ
1691 4029 1762 4096 δὲ
1806 4028 1879 4096 τὸ
1932 4028 2221 4114 ἰατρεῖον
2267 4026 2300 4097 ὅ
