2750 4534
1003 265 1548 321 ICAROMENIPPUS.
2237 265 2312 323 27
2323 266 2357 321 1

411 441 633 509 αὐτῶν
664 440 687 524 ΙΙ
721 438 885 524 πρὸς
930 439 1068 506 αὐτ.
1119 436 1187 500 Ω
1233 440 1317 485 -ί-
1361 436 1538 504 οῧτω
1585 437 1705 520 γὰρ
1752 431 1839 500 ἂν
1877 443 1984 519 εἰρ.
2037 436 2131 517 α’γ.
2179 435 2200 521 ΙΙ
2243 457 2360 500 om.

411 572 497 641 ἰν
539 577 690 658 Πρε.
737 610 818 621 -
866 575 1080 656 ἄγοιμι
1122 573 1143 658 ΙΙ
1186 541 1403 654 α’γιῗιμι
1448 570 1500 635 Γ

184 702 246 744 c.
288 686 389 743 22.
422 682 581 745 ἔνθα
624 684 742 758 μὲν
784 678 805 763 ΙΙ
849 680 1007 745 ἔνθα
1052 703 1163 756 μοι
1209 678 1360 744 Urb.
1400 712 1475 725 --
1508 678 1660 760 ἔργα
1704 674 1724 760 ΙΙ
1767 678 1957 760 ἔργον
2000 677 2148 738 Urb.
2195 674 2247 738 Q
2279 706 2361 717 ·-

414 840 683 913 φαίνετο
726 830 747 916 ΙΙ
789 833 1085 911 ἐφαίνετο
1144 832 1292 893 Urb.
1336 864 1422 876 —
1469 830 1835 912 ἀπέκρυπτε
1891 827 1910 911 ΙΙ
1951 790 2360 909 α’πεκρυπτὲν

408 932 457 995 Γ
503 971 587 982 -
642 942 1026 1021 καθεῳρᾶτο
1068 930 1089 1017 ΙΙ
1145 941 1496 1016 καθωρᾶτο
1554 934 1700 995 Urb.
1748 967 1831 981 -
1888 936 2062 1015 δεξιᾷ
2103 928 2124 1015 Ι
2165 931 2293 992 sine
2340 955 2361 992 ι

411 1038 641 1100 subscr.
699 1034 751 1098 Γ
808 1072 895 1083 —-
953 1032 1042 1113 ὡς
1100 1036 1274 1115 εἶχον
1316 1032 1335 1116 u
1380 1055 1495 1097 om.
1553 1036 1700 1112 Ups.
1760 1068 1843 1079 —
1902 1034 2050 1097 εἴσω
2106 1030 2126 1110 ss
2180 1033 2242 1095 εἴ
2277 1032 2362 1092 sio

416 1145 575 1201 1324
607 1174 689 1189 --
719 1142 1017 1222 παριέναι
1050 1137 1072 1219 ΙΙ
1106 1164 1127 1203 ι
1170 1140 1233 1200 in
1277 1156 1396 1199 raa.
1436 1134 1482 1197 Γ
1512 1173 1596 1183 —-
1627 1130 1810 1223 ᾤμην
1837 1133 1859 1219 ΙΙ
1889 1162 1909 1199 ι
1940 1135 2171 1198 subscr.
2218 1134 2359 1195 add.

407 1260 530 1305 ree.
576 1262 654 1304 m.
699 1239 751 1302 Γ
793 1278 877 1289 --
918 1238 1107 1318 ἀετὸς
1145 1237 1166 1325 fl
1209 1238 1420 1317 αἰετός
1473 1244 1630 1301 1324
1672 1272 1753 1285 -
1786 1235 2146 1322 ἠπιστάμην
2178 1236 2201 1317 ΙΙ
2235 1238 2364 1299 ἐπι-

407 1341 653 1425 στάμην
698 1346 845 1407 Urb.
890 1378 974 1389 -
1032 1345 1255 1426 ἑτέραν
1308 1342 1331 1424 ΙΙ
1387 1343 1567 1427 ἕτερα
1634 1346 1792 1403 1324
1839 1374 1918 1388 --
1968 1335 2092 1405 οὖν
2135 1337 2154 1422 ΙΙ
2197 1348 2360 1420 γοῦν

404 1443 707 1523 2ῐ(Πι·1>.)Γ
747 1450 904 1509 1324
938 1480 1021 1491 -—
1050 1442 1238 1527 ἀπῄει
1265 1442 1286 1527 Ι
1313 1472 1335 1509 ι
1366 1446 1508 1507 add.
1553 1445 1675 1506 alia
1717 1462 1796 1507 m.
1843 1440 1895 1503 Γ
1925 1477 2010 1488 -
2041 1448 2361 1523 συγκαθη-

403 1551 645 1625 μένους
749 1567 866 1609 om.
913 1564 1048 1625 συγ.
1098 1549 1247 1626 Ups.
1283 1582 1354 1591 —
1393 1544 1553 1611 ὅσον
1585 1544 1609 1629 fl
1642 1543 1776 1611 ὅσω
1809 1547 1957 1623 Ups-
1989 1580 2072 1591 -
2101 1543 2218 1610 τὸν
2252 1544 2362 1609 αὐ-

406 1648 523 1715 τὸν
566 1676 619 1715 τ.
656 1650 681 1731 ΙΙ
712 1647 831 1714 τὸν
874 1648 1011 1715 αὐτ.
1061 1669 1180 1730 μοι
1222 1651 1284 1709 in
1331 1668 1525 1726 marg.
1571 1649 1703 1710 eod.
1748 1644 1800 1706 Γ
1846 1682 1930 1695 --

184 1796 246 1838 c.
280 1779 383 1839 23.
416 1785 713 1860 φοβερῶς
744 1776 768 1861 ΙΙ
800 1742 1088 1887 εέἵέἷέἶαξξ
1116 1772 1167 1836 Γ
1198 1772 1487 1857 φοβερὸν
1532 1778 1678 1856 UpS.
1725 1810 1807 1821 —-
1851 1769 2041 1857 δριμύ
2070 1799 2136 1838 τε
2179 1771 2200 1855 Β
2243 1793 2359 1836 om.

406 1900 473 1967 Ω
516 1939 601 1949 -
646 1910 735 1982 εἰς
786 1907 889 1982 ἐμὲ
932 1902 951 1989 [Ι
996 1906 1059 1982 ἐς
1104 1906 1209 1982 ἐμὲ
1277 1908 1434 1967 1324
1485 1937 1565 1947 -
1612 1920 1764 1984 φησι
1823 1908 1920 1979 τίς
1961 1898 1982 1983 ΙΙ
2025 1909 2220 1985 φησίν
2265 1927 2362 1979 τις

242 2092 247 2095 ἢ
404 2001 453 2064 Γ
499 2041 580 2050 -
624 2014 865 2090 μικροῦ
906 2003 927 2088 ss
964 2004 1201 2089 μικρὸν
1246 2005 1447 2069 21Urb.
1480 2040 1561 2051 -—
1591 2000 1797 2070 τᾶλλα
1837 2000 1856 2085 ΙΙ
1900 2001 1980 2069 τὰ
2025 2002 2190 2069 ἄλλα
2236 2000 2358 2065 ΩΓ

328 2159 335 2164 -
408 2142 488 2152 —
534 2104 761 2186 ὑπὸτ.
810 2118 882 2177 Σ.
930 2106 951 2197 Ι
993 2109 1144 2173 ἐπὶῖ
1188 2135 1241 2174 τ.
1277 2118 1349 2177 Σ.
1401 2110 1548 2189 UPS.
1581 2143 1663 2154 —
1696 2106 1764 2172 δ’
1804 2101 1928 2173 οὖν
1967 2108 1988 2190 ΙΙ
2031 2112 2096 2173 δὲ
2140 2103 2359 2187 QUps.

404 2244 485 2259 -ν
531 2212 785 2289 ἐπανεὶς
827 2208 847 2293 ΙΙ
891 2212 1168 2288 έπανιεὶς
1209 2216 1367 2272 1324
1398 2244 1483 2256 -
1513 2207 1580 2287 ἐς
1623 2236 1673 2277 τ.
1725 2210 1864 2294 ου’ρ..
1913 2208 1934 2293 fl
1976 2206 2066 2287 εἰς
2097 2212 2243 2271 Urb.
2274 2244 2360 2255 —-

405 2312 508 2375 ἐπὶ
537 2317 713 2394 ξενίᾳ
756 2310 777 2394 [Ι
819 2314 921 2375 ἐπὶ
967 2317 1168 2389 ξενίαι
1209 2316 1366 2373 1324
1401 2313 1504 2374 ἐπὶ
1549 2316 1728 2388 ξενία
1760 2308 1880 2372 ΩΓ
1914 2313 2016 2377 ἐπὶ
2049 2317 2228 2391 ξενίκ.
2271 2340 2357 2362 =

403 2418 617 2493 ξενίας
660 2415 809 2492 UpS.
856 2446 940 2457 —
984 2410 1217 2497 αὔριον
1263 2417 1328 2476 δὲ
1370 2410 1391 2495 l}
1435 2410 1576 2494 αὗρ.
1633 2410 1754 2497 γὰρ
1802 2413 2001 2476 &Urb.
2050 2449 2130 2461 —-
2176 2415 2294 2495 ἔφη
2339 2411 2360 2498 1}

406 2535 523 2578 om.
567 2516 717 2594 Upn.
763 2548 846 2559 -
890 2512 1240 2596 ἐξαναστὰς
1281 2511 1303 2599 fl
1346 2511 1628 2595 ἀναστὰς
1672 2511 1740 2575 Ω

188 2636 245 2679 0.
273 2621 373 2683 24.
406 2613 619 2682 πόσου
677 2624 802 2682 νῦν
860 2614 897 2681 ὁ
943 2613 1153 2699 πυρός
1212 2619 1385 2683 ἐστιν
1444 2614 1640 2694 ὤνιος
1695 2618 1799 2683 ἐπὶ
1842 2625 1955 2699 τῆς
1988 2614 2298 2694 Ἑλλάδος
2340 2615 2361 2701 ΙΙ

404 2716 616 2784 πόσου
670 2726 794 2783 νῦν
841 2716 877 2783 ὃ
936 2722 1163 2802 πέρυσι
1214 2716 1456 2801 χειμὼν
1502 2717 1698 2797 ὤνιος
1744 2722 1847 2785 ἐπὶ
1889 2728 2002 2802 τῆς
2036 2716 2357 2796 ’Έλλαδος

405 2822 553 2900 Ups.
585 2872 598 2886 .
634 2873 647 2886 .
682 2872 696 2886 .
734 2816 931 2899 ὤνιός
976 2824 1146 2885 ἐστιν
1178 2822 1280 2885 ἐπὶ
1309 2847 1361 2887 τ.
1387 2819 1526 2886 ‘Ek
1568 2823 1709 2883 Urb.
1754 2856 1841 2867 —
1885 2819 2068 2905 ἡμῶν
2109 2818 2130 2907 fl
2172 2819 2358 2899 {udin

405 2917 527 2984 ΩΓ
566 2927 726 2984 1324
757 2958 841 2969 -
870 2925 1221 2989 ἐλλείποιεν
1251 2921 1273 3009 fl
1310 2925 1632 2990 έλλίποιεν
1662 2926 1723 2985 in
1768 2943 1887 2986 ras.
1931 2920 2001 2985 Ω
2032 2960 2116 2971 --
2150 2921 2359 3002 Ὀλύμ-

404 3040 564 3087 πιον
607 3022 629 3107 ΙΙ
683 3041 795 3088 πει
854 3020 1051 3105 PUps.
1097 3026 1244 3086 Urb.
1294 3060 1373 3069 —
1421 3023 1600 3110 αὐτῷ
1703 3024 1923 3089 αὐτῶν
1980 3021 2357 3105 mamm?

417 3130 575 3186 1324
622 3160 701 3171 --
749 3128 881 3191 ἐπεὶ
927 3130 993 3190 δὲ
1036 3124 1055 3207 ΙΙ
1096 3133 1205 3191 καὶ
1250 3128 1383 3191 ἐπεὶ
1415 3128 1560 3189 Urb.
1606 3161 1688 3171 —
1734 3131 1797 3191 οἱ
1828 3125 2172 3210 ἄνθρωποι
2214 3135 2360 3193 τίνα

406 3251 499 3306 γν.
566 3228 781 3307 έχουσι
836 3226 857 3311 ΙΙ
911 3254 962 3293 τ.
1028 3254 1080 3308 y.
1144 3233 1208 3293 οὶ
1266 3227 1452 3311 α’νθρ.
1518 3231 1597 3311 ἐχ.
1647 3230 1795 3308 UpS.
1852 3264 1939 3274 —
1996 3228 2360 3309 εὗσεβεστά·

410 3354 527 3411 την
560 3326 583 3413 ΙΙ
613 3381 626 3395 .
681 3382 693 3396 .
746 3355 863 3397 τον
907 3332 1055 3410 UpS.
1102 3367 1186 3377 —
1232 3350 1299 3396 σε
1351 3333 1515 3396 εἶναι
1565 3328 1833 3397 πάντων
1884 3340 2060 3396 θεῶν
2103 3330 2124 3415 ΙΙ
2165 3353 2232 3396 σε
2289 3357 2351 3397 π.

408 3432 571 3495 εἶναι
627 3440 804 3498 θεῶν
847 3428 970 3494 ΩΓ
1019 3438 1181 3497 1324
1227 3435 1376 3496 Urb.
1425 3453 1492 3498 σε
1536 3459 1598 3501 π.
1650 3435 1812 3501 εἶναι
1862 3430 2023 3499 θεόν
2079 3436 2225 3513 Ups.
2274 3470 2360 3479 —

412 3528 800 3610 φιλόκαινον
842 3532 863 3617 ΙΙ
905 3533 1281 3614 φιλόνεικον
1334 3541 1494 3598 1324
1539 3570 1622 3581 -
1669 3534 1738 3600 δ’
1770 3535 1955 3617 α’νθρ.
1991 3532 2024 3651 ll
2066 3539 2131 3599 δὲ
2162 3534 2348 3618 ἄνθρ.

1978 3654 2051 3699 ην

416 3706 573 3765 1324
636 3736 719 3747 —-
774 3700 922 3768 τότε
974 3704 993 3787 ΙΙ
1036 3710 1101 3769 δὲ
1160 3700 1228 3765 Ω
1286 3740 1370 3753 --
1426 3700 1707 3770 δυνατόν
1754 3703 1774 3788 ΙΙ
1817 3710 2101 3770 δυνατον
2158 3702 2208 3763 Γ
2269 3739 2351 3749 -

412 3799 741 3867 Ἀπόλλων
798 3802 819 3885 ΙΙ
870 3804 896 3869 ἶ
955 3804 1079 3872 ’Aa
1142 3807 1289 3885 Upn.
1349 3838 1435 3853 ·-
1487 3803 1804 3891 Περγάμῳ
1845 3804 1867 3892 fl
1908 3808 2040 3867 sine
2096 3832 2114 3869 ι
2162 3801 2214 3865 Γ
2271 3841 2356 3851 -

404 3910 775 3971 Βενδίδειον
818 3904 838 3989 ΙΙ
880 3930 931 3971 ει
974 3926 1099 3969 reo.
1144 3926 1215 3971 n.
1272 3926 1428 3971 corr.
1476 3926 1554 3970 ex
1584 3934 1605 3972 ι
1635 3901 1686 3966 Γ
1732 3942 1816 3953 -
1863 3906 2294 3984 Ἀνουβίδειον

406 4005 785 4084 α’νουβίδιον
816 4026 974 4071 corr.
1004 4004 1125 4069 ΩΓ
1158 4008 1568 4087 ἄνουβείδιον
1598 4011 1749 4073 Urb..
1789 4042 1872 4057 --
1918 4008 2304 4092 Ἀρτεμίσιον
2337 4005 2358 4090 ΙΙ
