2750 4534
821 261 1106 313 ΟΝΕΙΡΟΣ
1141 261 1184 312 H
1219 260 1625 315 ΑΛΕΚΤΡΥΩΝ.
2168 258 2293 317 139

304 433 514 494 ΜΙΚ.
583 432 747 507 Πιῦς
803 433 1000 497 τοῦτο
1059 431 1530 513 κεκλεισμένων
1587 432 1719 496 τῶν
1775 431 2042 512 θυρῶν,·
2098 427 2158 494 εἰ
2202 428 2291 515 μὴ

122 530 238 594 καὶ
291 544 721 614 τοιχωρυχεῖν
765 555 838 617 γε
883 531 962 598 σύ
1006 557 1091 616 με
1137 524 1549 618 ἇναγκάσεις.
1662 589 1667 594 .

241 650 246 653 ·
301 636 602 700 ΑΛΕΚ.
660 627 1017 717 Οὐδαμῶς,
1072 627 1222 701 ἄλλ’
1277 630 1312 701 ὅ
1353 630 1608 721 Ἑρμῆς,
1656 627 1864 715 οὗπερ
1913 628 2089 718 ἱερός
2134 631 2290 715 εἰμι,

115 736 333 799 τοῦτο
381 728 724 820 ἐξαίρετον
769 735 974 803 ἔδωκέ
1015 762 1164 821 μοι,
1209 732 1290 823 ἤν
1334 762 1440 815 τις
1481 735 1557 803 τὸ
1607 732 1878 824 οὐραῖον
1922 734 2170 819 πτερὸν
2212 734 2287 800 τὸ

115 834 458 922 μήκιστον
503 836 539 903 ὃ
588 832 680 905 δι’
735 833 1133 927 ἁπαλότητα
1181 838 1559 923 ἐπικαμπές
1604 833 1747 906 ἔστί
1788 864 1906 922 μοι
1954 889 2142 904 .....

298 944 513 1005 ΜΙΚ.
557 939 702 1007 Δύο
749 936 812 1006 δ’
867 941 1012 1008 ἔστι
1057 964 1166 1008 σοι
1209 945 1511 1008 τοιαῦτα.

298 1044 603 1107 ΑΛΕΚ.
678 1040 768 1110 To*
834 1042 1051 1121 δεξιὸν
1105 1049 1328 1110 τοίνυν
1386 1036 1521 1129 ότῳ
1582 1070 1662 1109 αν
1706 1067 1831 1127 εγω
1883 1036 2291 1108 ἀποσπάσαι

41 1206 48 1213 .
120 1142 466 1226 παράσχω
510 1146 621 1210 καὶ
667 1143 812 1232 ε’χῃ,
875 1144 972 1223 εἷς
1029 1143 1188 1211 όσον
1246 1172 1327 1211 αν
1382 1144 1727 1272 βούλωμαι
1784 1138 2076 1230 ἀνοίγειν
2129 1168 2203 1210 τε
2252 1170 2287 1209 ο

118 1246 440 1322 τοιοῦτος
470 1268 699 1312 πασαν
729 1244 949 1331 θύραν
995 1240 1271 1313 δύναται
1299 1250 1409 1313 καὶ
1443 1242 1605 1330 ὁρᾶν
1646 1239 1915 1313 άπαντα
1960 1239 2075 1327 οὐχ
2118 1240 2287 1333 ὁρώ-

120 1369 328 1426 μενος
377 1339 597 1425 αὗτός.

300 1454 513 1515 ΜΙΚ.
572 1442 950 1536 Ἐλελήθεις
993 1476 1108 1534 με,
1163 1476 1216 1515 ω
1263 1444 1649 1534 ἇλεκτρυών,
1694 1453 1807 1515 καὶ
1853 1449 1931 1515 σύ
1975 1448 2133 1536 γόης
2176 1443 2287 1513 ὤν.

125 1548 278 1632 ἐμοὶ
337 1544 404 1615 δ’
459 1577 573 1617 ουν
615 1578 696 1637 ην
737 1556 935 1618 τοῦτο
981 1546 1174 1631 ἅπαξ
1212 1554 1593 1641 παράσχῃς,
1650 1548 1815 1637 οψει
1856 1549 1940 1617 τὰ
1986 1557 2289 1633 Σίμωνος

126 1652 361 1717 πάντα
395 1676 462 1719 εν
506 1660 742 1736 βραχεῖ
785 1654 977 1740 δευρο
1021 1660 1566 1742 μετενηνεγμένα·
1611 1660 1903 1738 μετοίσω
1947 1653 2072 1739 γὰρ
2120 1649 2285 1719 αὐτὰ

127 1754 646 1838 παρεισελθών·
687 1752 722 1819 ὃ
757 1756 828 1821 δὲ
861 1742 1065 1834 αυθις
1096 1757 1577 1843 περιτρώξεται
1610 1750 1987 1823 αποτείνων
2016 1754 2100 1821 τὰ
2129 1781 2287 1821 κατ-

127 1856 414 1939 τύματα.

43 1968 114 2018 746
301 1963 605 2027 ΑΛΕΚ.
685 1958 780 2027 Οὔ
825 1965 1029 2043 θέμις
1069 1965 1388 2047 γενέσθαι
1433 1966 1666 2028 τοῦτο’
1721 1962 2121 2052 παρήγγειλε
2163 1962 2287 2047 γὰρ

130 2088 162 2127 ο
199 2058 480 2151 Ἑρμῆς,
536 2058 614 2150 ἦν
658 2089 810 2129 τινα
852 2067 1157 2130 τοιοῦτον
1203 2062 1562 2153 ἐργάσηται
1606 2060 1641 2132 o‘
1690 2064 1852 2147 ἔχων
1898 2063 1971 2130 τὸ
2021 2063 2287 2146 πτερόν,

133 2158 607 2253 ἀναβοήσαντά
651 2190 736 2249 με
778 2169 1269 2257 καταφωρᾶσαι
1314 2160 1541 2233 αὐτόν.

301 2273 512 2333 MIK.
570 2260 957 2333 Ἀπέθανον
1019 2270 1258 2354 λέγεις,
1317 2270 1605 2357 κλέπτην
1654 2268 1772 2335 τὸν
1808 2264 2042 2355 Ἑρμῆν
2088 2265 2289 2335 αὐτὸν

133 2398 291 2439 οντα
325 2383 471 2447 τοῖς
503 2365 732 2447 άλλοις
763 2376 1049 2458 φθονεῖν
1079 2374 1197 2437 τοῦ
1227 2370 1555 2437 τοιούτου.
1616 2366 1925 2455 ἆπίωμεν
1959 2366 2021 2436 δ’
2074 2366 2287 2455 ὅμως·

138 2467 479 2561 ἀφέξομαι
521 2470 644 2558 γὰρ
690 2475 810 2537 τοῦ
850 2478 1144 2556 χρυσίου,
1170 2462 1268 2571 ἢν
1315 2472 1633 2561 δύνωμαι.

303 2578 602 2641 ΑΛΕΚ.
683 2568 1084 2654 Απότιλον,
1139 2602 1190 2639 ω
1251 2574 1547 2655 Μικύλε,
1606 2574 1933 2659 πρότερον
1992 2574 2066 2641 τὸ
2130 2583 2287 2643 πτί*

139 2680 250 2745 λον
299 2732 318 2745 .
349 2730 363 2743 .
391 2730 405 2744 .
435 2730 449 2743 .
495 2683 563 2743 τί
605 2680 840 2759 τοῦτο,·
885 2672 1090 2765 ἄμφω
1137 2670 1481 2753 απέτιλας.

306 2786 512 2846 ΜΙΚ.
575 2730 1115 2867 Ἀσφαλέστερον
1175 2772 1415 2860 ούτως,
1476 2764 1529 2843 εὖ
1576 2772 1975 2862 ἀλεκτρυών,
2021 2782 2133 2846 καὶ
2180 2786 2286 2849 σοὶ

137 2876 336 2967 ’ἧττον
395 2906 706 2970 αμορφον
760 2880 836 2947 τὸ
887 2884 1163 2965 πρᾶγμα
1223 2907 1302 2945 αν
1348 2881 1483 2968 εἴη,
1544 2876 1634 2959 ὥς
1676 2879 1764 2967 μὴ
1809 2881 2128 2962 χωλεύοις
2172 2882 2286 2950 διὰ

138 2986 432 3070 θάτερον
475 2987 592 3071 τῆς
639 2977 840 3067 ούρᾶς
882 2988 1102 3065 μέρος.

309 3094 413 3155 29.
459 3090 754 3152 ΑΛΕΚ.
831 3082 1006 3151 Εἶεν.
1083 3084 1197 3151 ἐπὶ
1243 3083 1360 3151 τὸν
1404 3089 1678 3169 Σίμωνα
1722 3094 1990 3170 πρῶτον
2036 3083 2288 3173 ἄπιμεν
2318 3094 2392 3149 29

141 3180 178 3275 ἢ
218 3182 394 3275 παρ’
449 3184 650 3254 ἄλλον
695 3185 845 3254 τινὰ
890 3191 1020 3253 τῶν
1067 3189 1447 3270 πλουσίων,·

307 3297 514 3358 ΜΙΚ.
599 3284 694 3357 Ου
738 3290 859 3374 μὲν
905 3316 1038 3371 ουν,
1087 3284 1254 3355 αλλὰ
1303 3288 1491 3373 παρὰ
1535 3289 1653 3358 τὸν
1684 3296 1977 3375 Σίμωνα,
2026 3292 2101 3368 ὃς
2141 3286 2288 3359 αντὶ

147 3387 546 3476 δισυλλάβου
577 3391 1106 3476 τετρασύλλαβος
1133 3388 1258 3481 ἤδη
1293 3391 1680 3493 πλουτήσας
1710 3389 1882 3459 εἶναι
1914 3386 2110 3470 ἇξιοῑ.
2178 3398 2290 3461 καὶ

147 3495 216 3584 δὴ
251 3496 595 3581 πάρεσμεν
641 3493 757 3560 επὶ
788 3492 910 3571 τὰς
940 3493 1176 3615 θύρας.
1251 3501 1319 3561 τί
1349 3521 1465 3561 ουν
1511 3520 1687 3560 ποιω
1734 3492 1810 3561 τὸ
1844 3493 2011 3577 μετὰ
2056 3498 2291 3579 ‘co-Uva,-

307 3602 603 3667 AAEK.
685 3590 961 3675 Ἐπίθες
1004 3595 1080 3663 τὸ
1130 3596 1380 3682 πτερὸν
1426 3596 1542 3663 επὶ
1586 3594 1662 3661 τὸ
1712 3598 2047 3680 κλεῖθρον.

67 3707 131 3759 747
311 3707 516 3767 MIK.
597 3694 766 3767 Ἰδοὺ
811 3694 955 3787 ηδη.
1036 3724 1088 3763 ω
1129 3695 1489 3782 Ἡράκλεις,
1538 3692 2015 3766 ἀναπέπταται
2060 3692 2287 3787 ὥσπερ

146 3804 348 3871 κλειδὶ
391 3799 432 3892 ἡ
475 3802 675 3888 θύρα.

309 3910 604 3973 ΑΛΕΚ.
685 3900 887 3990 (Ηγοῦ
945 3902 1012 3981 ἐς
1067 3900 1142 3969 τὸ
1199 3849 1526 3982 πρόσθεν.
1614 3898 1776 3991 ὁρᾷς
1832 3897 2032 3970 αυτὸν
2091 3897 2289 3991 ἄγρυ-

153 4009 438 4071 πνοῦντα
479 4007 589 4071 καὶ
637 4001 1086 4089 λογιζόμενον,·
