2750 4534
371 194 495 252 120
1253 196 1627 251 Aormnor

369 361 455 429 τὰ
509 362 822 447 μειράκια
866 363 1324 451 διαφθείρεις,
1384 366 1725 447 λιχνότατε
1768 369 1881 431 καὶ
1925 357 2525 446 ἆναισχυντότατες

368 464 458 551 μὴ
493 467 696 551 φεῦγε
726 458 790 530 δ’
827 454 962 547 οὖν,
1008 465 1132 545 ἕως
1173 470 1286 535 καὶ
1329 466 1593 555 πληγὰς
1630 458 1797 551 παρ’
1837 464 2004 550 ἐμοῦ
2048 463 2270 548 λαβών
2302 457 2517 529 ἀπέλ-

372 572 532 654 θῃς·
576 562 700 655 ἤδη
728 567 856 652 γάρ
885 590 960 635 σε
993 572 1238 655 τουτῳὶ
1279 574 1378 655 τῷ
1422 564 1729 655 ὖστράκῳ
1774 562 2157 654 ἀποσφάξω
2198 572 2517 650 παμμίαν-

373 694 490 754 ρον
533 664 713 735 ὄντα.
1616 756 1641 765 ⁹

269 781 348 837 53
543 777 644 839 53.
687 776 938 837 ΖΕΥΣ.
996 767 1072 838 Ὁ
1125 774 1250 855 μὲν
1292 774 1527 857 γελῶν,
1586 766 1641 836 ὦ
1686 776 1877 851 θεοί,
1923 764 2309 857 ἀποτρέχει,
2354 765 2389 836 ὅ
2442 762 2509 835 δ’
2536 782 2642 832 701

373 867 740 941 ἇκολουθεῑ
802 873 1312 961 λοιδορούμενος
1375 867 1453 940 οὗ
1521 879 1745 961 φέρων
1808 875 2333 959 κατατρυφῶντα
2394 870 2519 937 τὸν

373 979 619 1059 Δᾶμιν,
663 979 776 1043 καὶ
817 976 1028 1043 ἔοικεν
1072 969 1276 1043 aaran
1317 975 1645 1053 πατάξειν
1686 979 1785 1060 τῷ
1826 974 2092 1063 κεράμῳ
2136 973 2205 1052 ἐς
2246 972 2364 1058 τὴν
2406 998 2520 1041 κε-

375 1077 618 1165 φαλήν,
661 1073 850 1163 ἡμεῖς
891 1078 966 1143 δὲ
1013 1084 1080 1145 τί
1120 1081 1423 1162 ποιῶμεν
1468 1072 1591 1144 ἐπὶ
1642 1076 1943 1159 τούτοις,·

546 1183 757 1247 ΕΡΜ.
807 1173 1072 1266 Ὀρθῶς
1113 1174 1320 1249 ἐκεῖνό
1363 1206 1486 1264 μοι
1528 1176 1564 1246 ὅ
1610 1179 1903 1264 κωμικὸς
1946 1179 2273 1268 εἰρηκέναι
2316 1178 2523 1259 δοκεῖ,

674 1282 864 1349 οὐδὲν
907 1288 1270 1360 πέπονθας
1312 1282 1549 1362 δεινόν,
1596 1273 1677 1349 ἂν
1718 1281 1809 1369 μὴ
1853 1284 2219 1369 προσποιῇ.

375 1389 446 1451 τί
484 1382 609 1470 γὰρ
637 1387 748 1451 καὶ
781 1381 1121 1470 ὑπέρμεγα
1149 1385 1367 1465 κακόν,
1414 1384 1477 1450 εἰ
1502 1378 1721 1469 ὀλίγοι
1750 1379 2117 1468 ἄνθρωποι
2142 1386 2351 1449 ταῦτα
2391 1405 2525 1446 πε-

378 1491 733 1570 πεισμένοι
777 1480 1062 1569 ἆπίασις
1116 1487 1350 1572 πολλῷ
1400 1485 1526 1571 γὰρ
1572 1486 1639 1551 οἱ
1682 1480 2003 1552 τᾶναντία
2052 1484 2527 1571 γιγνώσκοντες

377 1591 672 1667 πλείους,
706 1585 1028 1674 Ἑλλήνων
1071 1581 1151 1655 θ’
1201 1584 1239 1683 ᾇ
1287 1588 1553 1675 σύρφαξ
1589 1587 1925 1673 βάρβαροί
1963 1581 2043 1652 θ’
2083 1585 2396 1663 ἅπαντες.
2428 1586 2527 1669 (†)

547 1696 799 1757 ΖΕΥΣ.
878 1684 1119 1771 Ἀλλά,
1176 1684 1229 1755 ὦ
1269 1686 1633 1778 Ἑρμῆ,τό
1683 1694 1805 1756 τοῦ
1846 1696 2135 1776 Δαρείου
2178 1688 2357 1755 πάνυ
2401 1712 2529 1762 κα-

381 1793 513 1869 λῶς
557 1795 702 1874 ἕχον
747 1790 950 1872 ἐστίν,
994 1790 1032 1857 ὃ
1066 1788 1254 1858 εἶπεν
1299 1791 1417 1859 ἐπὶ
1460 1796 1582 1858 τοῦ
1621 1791 1985 1876 Ζωπύρου·
2032 1783 2205 1857 ὥστε
2246 1792 2357 1856 καὶ
2404 1782 2531 1854 αὖ·

379 1893 495 1970 τὸς
540 1884 979 1981 ἐβουλόμην
935 1921 1016 1959 αν
1062 1892 1176 1960 ἕνα
1204 1897 1510 1961 τοιοῦτον
1556 1893 1726 1976 ἔχειν
1756 1893 1902 1961 οἷον
1929 1892 2049 1960 τὸν
2089 1896 2316 1977 Δᾶμιν
2362 1889 2532 1974 ξύμ.-

380 2021 592 2080 μαχον
635 1986 677 2083 ἢ
720 2002 961 2082 μυρίας
1000 2021 1122 2079 μοι
1165 1998 1571 2080 Βαβυλῶνας
1614 1992 1959 2081 υπάρχειν.

684 2622 842 2707 ΟΝ
863 2622 1232 2707 ΕῙΡΟΣ
1290 2622 1380 2701 H
1442 2620 2230 2703 AAEKTPYQN.
2554 2640 2657 2689 702

316 2825 350 2878 1
562 2804 1433 2877 1.]ν11ΚΥΛΟΣ.Ἀλλὰ
1500 2815 1605 2886 σέ,
1676 2809 1944 2877 κάκιστε
2018 2804 2423 2898 ἀλεκτρυών,
2494 2808 2531 2878 ὅ

387 2912 555 2990 Ζευς
622 2904 823 2989 αυτὸς
901 2910 1286 2998 επιτρίψειε
1356 2911 1701 3001 φθονερὸν
1762 2905 1937 2979 ούτω
1998 2916 2110 2979 καὶ
2182 2910 2534 3000 ὀξύφωνον

387 3010 581 3094 ὄντα,
656 3005 730 3091 ός
802 3038 887 3097 με
960 3016 1378 3082 πλουτοῦντα
1449 2993 1563 3081 καὶ
1624 3010 1879 3102 ἡδίστῳ
1949 3008 2185 3099 ὀνείρῳ
2255 3014 2535 3093 ξυνόντα

387 3118 498 3181 καὶ
561 3114 958 3201 θαυμαστὴν
1018 3110 1446 3200 εὐδαιμονίαν
1512 3110 2030 3199 εὐδαιμονοῦντα
2096 3116 2407 3200 διάτορόν
2461 3143 2535 3185 τι

388 3220 501 3284 καὶ
542 3216 827 3303 γεγωνὸς
872 3211 1250 3303 ἀναβοήσας
1295 3217 1685 3306 ἐπήγειρας,
1739 3242 1833 3295 ως
1871 3219 2037 3305 μηδὲ
2083 3217 2333 3304 νύκτωρ
2374 3222 2535 3305 γοῦν

385 3318 504 3405 τὴν
549 3316 723 3387 πολύ
771 3322 892 3386 σοῦ
946 3324 1368 3406 μιαρωτέραν
1412 3326 1653 3387 πενίαν
1698 3319 2117 3407 διαφύγοιμι.
2203 3326 2426 3387 καίτοι
2470 3319 2539 3387 εἲ

386 3446 458 3507 γε
495 3420 617 3507 χρὴ
651 3426 1136 3507 τεκμαίρεσθαι
1163 3425 1242 3505 τῇ
1270 3446 1343 3487 τε
1386 3417 1625 3509 ἡσυχίᾳ
1668 3423 1886 3509 πολλῇ
1932 3422 2031 3489 ἔτι
2078 3417 2238 3509 οὔσῃ
2283 3426 2396 3489 καὶ
2435 3425 2535 3510 τῷ
2554 3436 2654 3486 703

386 3523 565 3608 κρύει
611 3524 916 3643 μηδέπω
937 3547 1021 3605 με
1053 3520 1126 3589 τὸ
1175 3519 1459 3608 ὄρθριον
1502 3516 1733 3608 ὥσπερ
1779 3523 2025 3590 εἴωθεν
2072 3517 2537 3612 ἀποπηγνύντι

388 3664 472 3675 -
514 3624 792 3711 γνώμων
841 3623 966 3710 γὰρ
1013 3650 1203 3703 ουτος
1250 3620 1748 3711 ἀψευδέστατός
1792 3650 1909 3709 μοι
1956 3625 2539 3713 προσελαυνούσης

389 3723 638 3815 ἡμέρας
681 3764 762 3777 --
810 3720 1075 3793 οὐδέπω
1129 3732 1333 3811 μέσαι
1390 3726 1612 3805 νύκτες
1664 3726 1865 3809 εἰσίν,
1922 3724 1959 3795 ὁ
2006 3728 2079 3793 δὲ
2125 3722 2381 3805 άῦπνος
2424 3732 2538 3793 οὗ·

390 3853 505 3907 τος
533 3821 763 3913 ὥσπερ
795 3827 870 3895 τὸ
900 3834 1186 3914 χρυσοῦν
1227 3828 1433 3898 ἐκεῖνο
1465 3829 1705 3896 κώδιον
1750 3828 2103 3914 φυλάττων
2150 3822 2277 3917 ἀφ’
2333 3828 2539 3895 εσπέ-

393 3954 512 4015 ρας
557 3923 763 4009 εὐθὺς
819 3925 941 4019 ἤδη
987 3938 1324 4019 κέκραγεν,
1388 3925 1537 3999 ἀλλ’
1590 3926 1737 3999 οὔτι
1790 3938 2039 4016 χαίρων
2084 3948 2185 4017 γε·
2248 3924 2538 4015 ἀμυνοῦ-
