2750 4534
464 263 587 324 218
1417 262 1676 317 LUCIANI

473 458 527 500 ο.
556 443 655 499 36.
687 442 794 501 καὶ
852 440 1176 513 πολέμους
1219 434 1239 519 ΙΙ
1281 454 1398 497 om.
1455 432 1580 497 ΑΩ
1636 470 1708 480 -
1769 438 1900 499 ἐστι
1941 435 1961 519 ΙΙ
2005 437 2177 500 ἐστιν
2225 432 2274 495 Γ
2319 470 2410 481 —-
2465 434 2605 500 οὐδ’

677 538 761 606 ἂν
804 537 825 625 ΙΙ
868 560 983 602 om.
1028 538 1111 605 ἂν
1142 535 1299 600 ΑΓΒ
1344 574 1430 585 —-·
1473 537 1594 621 γὰρ
1633 536 1834 621 δεήσει
1875 536 1896 621 ΙΙ
1938 543 2004 604 δὲ
2034 544 2085 604 ὁ.
2119 540 2174 599 A
2203 574 2286 585 -
2317 536 2604 615 ἐπιόντας

670 641 689 727 ΙΙ
734 639 1022 720 ἐπιόντες
1066 639 1135 704 Ω
1180 676 1261 689 --
1302 639 1691 719 βεβαιότατα
1793 639 2165 707 δικαιότατα
2193 644 2248 703 Α
2278 677 2365 687 -
2409 638 2604 706 ὅπλον

674 744 924 827 ἄμαχον
965 741 986 829 Ι
1030 744 1130 822 ἀμ.
1181 741 1394 810 ὅπλον
1438 741 1506 806 Ω
1552 778 1634 789 --

464 866 515 908 c.
546 854 646 909 37.
680 846 833 912 οὐδ’
878 852 935 911 εἰ
1036 846 1185 912 οὐδὲ
1242 866 1357 909 om.
1405 852 1463 911 εἰ
1500 843 1624 907 ΑΩ
1682 845 1828 912 οὐδὲ
1874 852 1932 910 εἰ
1968 843 2072 907 ΓΒ
2131 882 2213 891 -
2271 842 2356 928 ἦν
2399 842 2420 927 Ι
2463 841 2522 925 ἧι
2563 846 2605 904 Β

675 984 756 995 -
798 946 1301 1029 μνηστευόμενοι
1344 945 1365 1029 fl
1405 951 1945 1030 μεμνηστευμένοι
1988 943 2057 1008 Ω
2105 982 2180 993 -
2237 954 2554 1028 συνθῆκαι
2592 944 2609 1026 ΙΙ

676 1060 1010 1117 συνθεῖναι
1048 1047 1117 1112 Ω
1158 1086 1245 1097 -
1290 1048 1487 1134 ὅρκος
1519 1048 1554 1115 ὃ
1589 1055 1882 1131 μέγιστος
1987 1047 2172 1132 ὅρκοι
2201 1053 2489 1130 μέγιστοι
2529 1044 2604 1127 Ω,

672 1152 866 1236 ὅρκος
908 1178 1062 1234 μεγ.,
1109 1172 1226 1217 om.
1267 1152 1303 1218 ὃ
1334 1157 1390 1215 A
1432 1188 1517 1199 —
1561 1152 1685 1233 ἀφ’
1716 1148 1798 1219 οὗ
1841 1151 1964 1234 γὰρ
1995 1150 2078 1217 ἂν
2111 1153 2134 1233 ΙΙ
2165 1172 2280 1215 om.
2313 1146 2546 1216 ἂνΩΓ
2564 1152 2606 1209 Β

673 1293 758 1303 -
783 1254 1153 1333 ἐντεμόντες
1182 1252 1201 1338 ΙΙ
1231 1253 1612 1333 ἐνταμόντες
1632 1251 1703 1316 Ω
1725 1290 1810 1301 —-
1833 1252 2326 1333 ἐνσταλάξωμεν
2358 1251 2380 1336 Ι
2408 1249 2609 1318 ἐνστά-

674 1360 919 1438 ξομενῗ
962 1354 1087 1419 ΑΩ
1144 1394 1230 1405 —
1282 1355 1361 1422 τὸ
1416 1355 1572 1435 μετὰ
1623 1366 1823 1423 τοῦτο
1865 1355 1885 1441 ΙΙ
1927 1378 2044 1421 om.
2101 1355 2177 1422 τὸ
2221 1352 2292 1417 Ω
2339 1392 2424 1402 -
2465 1352 2606 1432 μετὰ

676 1469 875 1526 τοῦτο
920 1459 940 1543 ΙΙ
981 1458 1129 1537 μετ’
1176 1457 1337 1525 αὐτὸ
1400 1455 1447 1519 Γ
1507 1493 1581 1503 -
1647 1462 1708 1536 ἐς
1764 1486 1816 1525 τ.
1886 1476 1938 1525 σ.
1985 1456 2006 1541 ΙΙ
2049 1465 2137 1537 εἰς
2192 1485 2243 1524 τ.
2309 1478 2364 1526 σ.
2428 1461 2482 1520 A
2535 1490 2608 1499 —-

683 1566 1166 1644 μοιχευομέναις
1209 1560 1227 1644 ΙΙ
1267 1586 1568 1644 μηχευομ.
1624 1564 1678 1622 Α
1724 1597 1806 1607 -—
1865 1559 2134 1642 ἰσχυρὰν
2176 1560 2198 1644 Ι
2241 1559 2506 1642 ἰσχυρὸς
2547 1556 2606 1619 Ω

459 1685 511 1727 c.
540 1671 638 1729 38.
671 1662 992 1747 πρότερον
1048 1662 1067 1747 ΙΙ
1122 1683 1238 1726 om.
1294 1660 1363 1725 Ω
1421 1699 1502 1710 --
1569 1661 1774 1746 ὅρκον
1831 1662 1948 1729 τὸν
2003 1662 2315 1746 ἡμέτερον
2373 1661 2394 1746 fl
2447 1662 2601 1745 ἣμετ.

670 1765 893 1849 ὅρκον,
954 1786 1071 1829 om.
1129 1764 1247 1831 τὸν
1294 1762 1397 1827 ΓΒ
1445 1800 1518 1811 -—
1584 1774 1938 1831 Σκυθικῶν
1983 1764 2002 1848 ΙΙ
2042 1774 2332 1831 Σκυθῶν
2390 1762 2491 1825 ΓΒ
2534 1798 2609 1807 --

671 1867 752 1933 ου’
811 1864 985 1932 πάνυ
1029 1864 1048 1949 ΙΙ
1092 1866 1267 1932 πάνυ
1312 1888 1428 1930 om.
1475 1867 1557 1933 ου’
1599 1871 1686 1949 A,
1749 1864 1872 1933 οὖν
1917 1893 1979 1935 π.
2030 1864 2099 1929 Ω
2145 1902 2228 1913 --
2271 1884 2399 1933 σου
2441 1864 2462 1948 ΙΙ
2501 1874 2608 1929 σοῦ

666 1973 721 2031 Α
766 2004 848 2015 -
895 1968 1259 2047 ὀμνύοντος
1302 1970 1321 2053 ΙΙ
1364 1969 1689 2048 ὀμνύντος
1717 1972 1824 2032 ΑΒ
1871 2005 1950 2016 -
1989 1968 2252 2052 ἐδεόμην
2294 1967 2317 2053 Π
2363 1967 2606 2050 ἐδεήμην

666 2068 735 2133 Ω
794 2106 877 2115 -
935 2079 1073 2136 τῶν
1129 2080 1306 2137 θεῶν
1349 2070 1371 2155 ΙΙ
1411 2094 1528 2135 om.
1586 2080 1721 2138 τῶν
1765 2068 1870 2134 ΓΒ
1915 2108 1997 2118 -
2041 2069 2366 2149 ἐπωμόσω
2411 2069 2430 2154 ΙΙ
2473 2074 2601 2134 ἐπο-

674 2171 857 2251 μόσω
916 2176 971 2235 Α
1030 2210 1112 2219 —
1170 2172 1384 2253 οὕτως
1426 2171 1447 2257 Ι
1490 2173 1666 2253 ὅμως
1725 2172 1794 2236 Ω
1849 2210 1935 2223 --·
1989 2182 2158 2257 ζωῆς
2213 2198 2281 2239 τε
2325 2171 2347 2258 Ι
2391 2193 2506 2234 om.
2545 2195 2605 2235 τε

668 2272 791 2338 ΑΩ
842 2310 915 2320 —-
964 2275 1309 2355 ὀμνύωμεν
1417 2275 1742 2355 ὀμνύομεν
1772 2280 1822 2339 Β
1853 2313 1936 2323 —-
1973 2275 2090 2342 τὸν
2132 2280 2252 2354 μὲν
2293 2274 2313 2358 ΙΙ
2359 2297 2472 2339 om.
2499 2278 2602 2352 μὲν

669 2375 738 2439 Ω
796 2412 877 2424 -
935 2387 1101 2461 ζωῆς
1164 2382 1374 2445 αἴτιον
1416 2378 1438 2463 Ι
1480 2388 1597 2446 αίτ.
1661 2386 1710 2461 ζ.
1758 2376 1827 2440 Ω
1880 2416 1959 2425 -
2017 2378 2240 2445 οἰστὸν
2281 2377 2302 2462 ΙΙ
2349 2370 2530 2443 ῗστὸν
2557 2378 2604 2435 Α

668 2480 847 2547 ἰστὸν
892 2478 961 2543 Ω
1007 2520 1087 2529 -
1131 2480 1409 2549 κώνειον
1453 2481 1472 2566 ΙΙ
1514 2480 1759 2548 κώνιον
1803 2478 1907 2543 ΓΒ
1952 2518 2036 2527 -
2081 2487 2147 2547 δὲ
2189 2480 2210 2567 Ι
2253 2502 2372 2545 om.
2420 2478 2488 2541 Ω
2529 2512 2600 2525 -

669 2603 770 2649 σοι
814 2580 834 2667 ΙΙ
878 2605 994 2647 om.
1040 2582 1109 2647 Ω
1154 2621 1237 2631 -

454 2704 507 2745 c.
536 2690 632 2747 39.
672 2684 943 2769 Τετάρτη
994 2692 1112 2764 μὲν
1154 2685 1173 2771 ΙΙ
1216 2714 1267 2752 τ.
1326 2712 1388 2764 μ.
1439 2682 1561 2751 οὖν
1607 2683 1676 2747 Ω
1723 2722 1802 2731 —
1873 2683 2174 2768 Ἀμιζώκῃ
2233 2683 2254 2769 ΙΙ
2307 2678 2598 2764 οἷμαζώκῃ

666 2784 717 2847 Γ
762 2824 847 2835 --
891 2786 1428 2854 συνεπεπώκεσαν
1469 2786 1491 2872 Ι
1533 2785 2094 2853 συνεπεπώκεισαν
2124 2792 2181 2849 Α
2225 2824 2304 2833 -
2353 2789 2600 2869 προϊδο-

662 2894 881 2967 μένοις
926 2888 944 2973 ss
984 2895 1468 2973 προειὸομένοις
1512 2887 1636 2953 ΑΩ
1681 2926 1765 2937 ——-
1819 2888 2298 2968 ἐπεισπεσόντες
2341 2887 2362 2974 Ι
2405 2892 2600 2953 ἐπιπε-

666 2989 888 3069 σόντες
943 2989 1045 3054 ΓΒ
1104 3030 1187 3039 —
1242 2998 1552 3074 τρέπουσι
1593 2989 1615 3076 ΙΙ
1654 2996 2004 3075 τρέπουσιν
2047 2995 2102 3053 Α
2158 3028 2242 3037 -
2286 2999 2596 3057 κτείνουσι

662 3090 681 3175 ΙΙ
722 3102 1086 3160 κτείνουσιν
1130 3099 1184 3156 Α
1232 3130 1305 3140 ——
1356 3098 1521 3178 ἔφθη
1566 3094 1585 3179 ΙΙ
1629 3097 1747 3177 ἔφη
1790 3092 1861 3156 Ω
1904 3129 1986 3140 -—
2048 3095 2172 3160 οὐκ
2216 3096 2363 3161 οἶδα
2409 3090 2447 3158 ὅ
2487 3118 2544 3157 τι
2581 3100 2599 3182 fl

666 3196 787 3261 οὐκ
846 3200 991 3263 οῖδα
1038 3201 1206 3263 εἴτι
1250 3201 1301 3260 Β
1351 3234 1425 3245 --
1472 3197 1511 3280 ἡ
1558 3224 1637 3263 τε
1681 3206 1859 3263 λεία
1962 3196 1999 3280 ἣ
2046 3205 2252 3263 τελεία
2295 3194 2418 3259 ΩΓ
2461 3195 2497 3277 ἡ
2537 3215 2597 3257 τε

664 3308 803 3363 λεῖα
848 3303 897 3361 Β
943 3336 1028 3347 --

444 3396 504 3463 ⁴(2.
532 3407 631 3462 40.
666 3398 1006 3484 Ἀμιζώκης
1049 3400 1068 3485 ΙΙ
1114 3402 1312 3481 Ἀμαζ.
1364 3397 1485 3461 ΩΓ
1531 3436 1614 3447 --
1671 3399 2104 3484 ὑπεμίμνησκε
2207 3400 2500 3478 ὑπεμέμν.
2547 3399 2596 3456 Α

661 3538 743 3549 -
788 3503 1296 3581 τοῦ...κύλικος
1338 3501 1357 3585 ΙΙ
1399 3513 1511 3586 τῆς
1569 3502 1834 3582 κύλικος
1892 3511 1998 3569 καὶ
2042 3514 2164 3569 τοῦ
2209 3509 2475 3581 αἵματος
2502 3496 2594 3559 ΓΒ

662 3640 748 3651 —-
790 3604 1107 3689 μελλήσας
1149 3604 1168 3689 ΙΙ
1210 3604 1485 3688 μελήσας
1515 3602 1689 3668 ΑΩΒ
1734 3642 1817 3651 —-
1863 3604 2170 3690 ὥρμησαν
2211 3605 2230 3689 ΙΙ
2276 3602 2520 3689 ὥρμησε
2545 3604 2594 3661 Α

669 3743 743 3751 -
791 3706 867 3773 τὸ
913 3716 1089 3791 Ζίριν
1132 3706 1149 3787 ΙΙ
1195 3716 1388 3791 Ζηρίν
1419 3705 1563 3792 ΙΑΩ
1606 3716 1798 3791 Ζίρην
1843 3705 1895 3769 Γ
1937 3707 2056 3774 τὸν
2102 3716 2277 3790 Ζίριν
2320 3710 2371 3769 Β
2413 3740 2494 3753 --
2535 3707 2592 3767 δὲ

661 3803 742 3892 ἤν
786 3808 805 3893 ΙΙ
849 3809 919 3876 ‹5'
972 3805 1051 3893 ἢν
1109 3808 1230 3873 ΩΓ
1277 3846 1359 3856 -—
1417 3809 1537 3875 ὑπ’
1583 3810 1805 3876 αύτῶν
1849 3808 1870 3896 Ι
1910 3811 2077 3894 παρ’
2121 3812 2340 3877 αὐτῶν
2398 3805 2463 3870 Ω
2520 3838 2591 3851 -··

668 3912 892 3994 α’πῄτει
936 3912 955 3996 ΙΙ
999 3913 1191 3995 ἀπῄει
1235 3910 1303 3975 Ω
1350 3948 1433 3959 -
1478 3911 1668 3992 λάβοι
1774 3911 1939 3997 λάβη
1970 3911 2146 3976 ΑΩΓ
2178 3912 2412 3995 λάβηι
2441 3914 2488 3972 Β
2517 3940 2592 3952 --

660 4018 833 4096 εἶχον
876 4015 895 4100 ΙΙ
939 4018 1059 4097 εἶχε
1116 4013 1240 4078 ΑΩ
1301 4052 1380 4061 —-
1427 4015 1805 4082 ὑποτελέσαι
1847 4013 1868 4100 ΙΙ
1911 4016 2098 4085 dacor.
2150 4012 2272 4078 ΑΩ
2331 4051 2409 4062 -
2464 4009 2502 4077 ὃ
2535 4034 2586 4073 τι
