2750 4534
939 295 1493 350 ῙΚΑΡΟΜΕΝΙΠΠΟΣ.
2169 296 2291 353 149

139 463 375 555 ω’ήθης
391 461 603 583 σὸρᾶν,
658 469 806 544 πῶς
849 469 963 540 νῦν
1007 465 1326 551 καθάπερ
1373 464 1677 551 Λυγκεύς
1722 490 1823 543 τις
1869 460 2065 554 ι’ίφνω
2108 466 2294 552 γενό-

140 592 333 648 μενος
383 559 653 633 άπαντα
701 566 1158 654 διαγινώσκεις
1201 566 1283 633 τὰ
1317 566 1433 634 ἐπὶ
1478 571 1614 653 γῆς,
1659 566 1816 645 τοὺς
1862 564 2292 654 ἀνθρώπους,

143 669 218 732 τὰ
264 674 503 756 θηρία,
547 673 786 755 μικροῦ
830 670 968 737 δεῖν
1011 668 1133 747 τὰς
1175 672 1310 735 τῶν
1356 669 1661 753 ἐμπίδων
1706 670 2045 752 νεοττιάς,·

313 777 414 839 13.
462 777 688 839 ΜΕΝ.
779 758 872 839 Εῦ
916 796 989 857 γε
1031 768 1454 861 ὖπέιινησας·
1501 770 1539 840 ὂ
1585 770 1712 858 γὰρ
1755 772 2052 855 μάλιστα
2099 772 2286 893 ἐχρῆν
2324 784 2396 839 18

145 871 378 948 ειπεῖν,
423 877 619 940 τοῦτο
667 868 781 940 οὐκ
825 868 960 941 οἶδ’
1011 866 1202 952 όπως
1247 876 1652 959 παρέλιπον.
1726 872 1876 942 ἐπεὶ
1921 874 2045 960 γὰρ
2092 869 2294 995 αὐτήν

142 974 255 1055 μὲν
303 973 635 1099 ἐγνώρισα
689 975 807 1065 τὴν
847 980 968 1063 γῆν
1014 976 1206 1057 ἰδών,
1267 975 1352 1042 τὰ
1401 971 1466 1042 δ’
1521 971 1693 1043 αλλα
1752 969 1868 1059 οὐχ
1914 976 2058 1055 οἶός
2098 1002 2173 1043 τε
2216 1004 2293 1065 ην

144 1081 446 1162 καθορᾶν
493 1073 625 1144 ὑπὸ
674 1082 793 1145 τοῦ
820 1078 1086 1163 βάθους
1131 1071 1249 1145 άτε
1285 1082 1405 1167 τῆς
1432 1074 1664 1163 οψεως
1707 1084 1941 1167 μηκέτι
1988 1078 2296 1168 ἐφικνου-

143 1183 366 1267 μένης,
429 1179 609 1246 πάνυ
667 1180 743 1265 μ’
792 1173 947 1269 ῆνία
989 1179 1065 1247 τὸ
1109 1184 1330 1268 χρῆμα
1387 1183 1500 1247 καὶ
1544 1179 1803 1266 πολλὴν
1846 1194 2125 1265 παρεῖχε
2177 1180 2297 1269 τὴν

149 1272 466 1367 ἆπορίαν.
553 1296 842 1371 κατηφεῖ
885 1283 957 1348 δὲ
1001 1278 1147 1350 ὄντι
1189 1308 1309 1367 μοι
1360 1286 1472 1351 καὶ
1521 1277 1748 1369 ὀλίγου
1796 1283 1933 1349 δεῖν
1980 1283 2297 1369 δεδακρυ-

147 1388 313 1470 μένῳ
375 1383 740 1471 ἐφίσταται
793 1380 1083 1452 κατόπιν
1143 1381 1177 1452 ὅ
1241 1383 1461 1473 σοφὸς
1508 1379 1980 1472 Ἐμπεδοκλῆς,
2037 1379 2298 1472 ἄνθρα-

149 1491 285 1563 κίας
329 1511 439 1565 τις
473 1485 637 1553 ἰδεῖν
681 1490 793 1555 καὶ
825 1487 1085 1554 σποδοῦ
1131 1489 1354 1565 πλέως
1384 1489 1495 1554 καὶ
1524 1493 2072 1576 κατωπτημένος·
2119 1486 2297 1574 κάγώ

151 1591 277 1668 μέν,
324 1584 418 1666 ὡς
452 1585 650 1669 εἶδον,
695 1626 779 1637 -
825 1589 1162 1679 εἰρήσεται
1206 1588 1329 1676 γάρ
1364 1628 1445 1638 -
1476 1585 1955 1677 ὑπεταράχθην
1999 1595 2111 1655 καί
2147 1615 2299 1656 τινα

75 1700 138 1749 767
156 1692 498 1783 σεληναῖον
566 1691 852 1775 δαίμονα
911 1686 1146 1781 ᾠήθην
1203 1688 1398 1780 δρᾶν·
1466 1689 1499 1758 ὃ
1563 1691 1667 1773 δέ,
1718 1689 2000 1778 Θάρρει,
2070 1696 2296 1780 φησίν,

155 1786 200 1853 (ὗ
243 1797 597 1872 Μένιππε,

314 1889 504 1973 οῦτις
546 1921 654 1961 τοι
697 1894 864 1973 θεός
909 1894 1066 1978 εἰμι,
1115 1901 1184 1961 τί
1226 1889 1298 1978 μ’
1351 1889 1807 1962 ἀθανάτοισιν
1854 1892 2131 1977 ἐΐσκεις,·

158 1990 500 2082 ὁφυσικός
543 1991 738 2075 οὗτός
785 1996 922 2081 εἰμι
959 1992 1436 2085 Ἐμπεδοκλῆς·
1486 1996 1635 2064 ἐπεὶ
1679 1996 1805 2083 γὰρ
1846 1997 1913 2074 ἐς
1942 1996 2096 2075 τούς
2138 2022 2299 2081 κρα-

159 2100 347 2182 τῆρας
407 2098 694 2183 ἐμαυτὸν
754 2104 977 2187 φέρων
1035 2098 1378 2184 ἐνέβαλον,
1442 2096 1477 2166 o‘
1538 2100 1786 2177 καπνός
1840 2124 1924 2182 με
1982 2093 2122 2166 άπὸ
2182 2102 2301 2187 τῆς

162 2201 406 2290 Αἴτνης
454 2197 851 2289 ι’ναρπάσας
898 2196 1077 2287 δεῦρ’
1130 2197 1446 2291 ἀνήγαγε,
1508 2206 1620 2269 καὶ
1664 2206 1776 2269 νῦν
1822 2202 1889 2268 ἐν
1934 2209 2016 2291 τῇ
2063 2202 2297 2289 σελήνῃ

162 2308 469 2371 κατοικῶν
515 2298 862 2389 ἀεροβατῶ
905 2307 989 2369 τὰ
1037 2304 1257 2371 πολλὰ
1305 2307 1419 2371 καὶ
1464 2308 1781 2389 σιτοῦμαι
1826 2304 2089 2388 δρόσον.
2164 2296 2301 2390 ἥκω

162 2412 366 2473 τοίνυν
430 2429 503 2473 σε
565 2400 926 2472 ἆπολύσων
983 2409 1103 2496 τῆς
1145 2406 1508 2528 παρούσης
1568 2398 1892 2489 ἀπορίας·
1966 2399 2121 2493 ἆνιᾷ
2176 2405 2299 2491 γάρ
2394 2452 2403 2458 -

166 2529 257 2586 σε,
313 2506 542 2593 οἶμαι,
600 2511 710 2574 καὶ
760 2512 1035 2605 στρέφει
1091 2507 1166 2574 τὸ
1214 2506 1302 2595 μὴ
1353 2511 1593 2594 σαφῶς
1651 2506 1735 2573 τὰ
1782 2506 1899 2573 ἐπὶ
1954 2510 2071 2594 γῆς
2117 2502 2299 2590 δρᾶν.

169 2594 245 2673 Εὖ
285 2636 356 2695 γε
405 2604 769 2699 εποίησας,
829 2604 908 2697 ήν
956 2604 1042 2677 6’
1071 2606 1233 2695 ἐγώ,
1287 2610 1595 2694 βέλτιστε
1630 2603 2129 2693 Ἐμπεδόκλεις,
2183 2635 2304 2673 κα-

167 2712 392 2779 πειδὰν
424 2712 704 2795 τάχιστα
733 2712 1182 2795 κατάπτωμαι
1226 2708 1497 2777 πάλιν
1468 2736 1535 2789 ες
1565 2705 2007 2800 τὴνἙλλάδα,
2054 2709 2302 2797 μεμνή-

170 2833 353 2895 σομαι
383 2815 714 2881 ·σπένδειν
758 2819 831 2879 τέ
862 2837 971 2881 σοι
1017 2813 1128 2880 ἐπὶ
1177 2817 1293 2903 τῆς
1336 2814 1756 2901 καπνοδόκης
1797 2808 1919 2878 κάν
1956 2826 2105 2890 ταῖς
2152 2836 2302 2877 νου-

167 2921 421 3001 μηνίαις
487 2914 658 3002 πρὸς
714 2943 833 3003 την
892 2915 1168 3004 σελήνην
1207 2919 1416 3035 ςτρὶς
1438 2914 1722 3001 ἐγχανών
1779 2913 2301 2998 προσεύχεσθαι.

163 3006 349 3083 Ἀλλὰ
397 3017 493 3101 μὰ
547 3018 664 3086 τὸν
704 3012 1140 3103 Ενδυμίωνα,
1187 3004 1224 3107 ἦ
1275 3012 1338 3083 6'
1392 3010 1487 3098 σ’ς,
1534 3011 1677 3100 οὐχὶ
1723 3021 1841 3084 τοῦ
1884 3020 2143 3101 μισθοῦ
2183 3015 2303 3099 χά-

171 3141 258 3197 ριν
301 3114 612 3208 ἀφῖγμαι,
659 3126 988 3187 πέπονθα
1034 3121 1108 3185 δέ
1149 3146 1217 3186 τι
1261 3119 1380 3207 τὴν
1426 3119 1644 3206 ψυχὴν
1691 3119 1847 3187 ἰδών
1896 3143 1969 3185 σε
2016 3121 2304 3207 λελυπη-

171 3225 364 3297 μένον.
443 3218 613 3313 ἀτὰρ
645 3219 858 3290 οἶσθα
888 3218 926 3291 ὅ
957 3250 1022 3290 τι
1054 3222 1308 3308 δράσας
1339 3216 1688 3308 ὀξυδερκὴς
1716 3221 1991 3310 γενήσῃ;
2040 3230 2137 3289 14.
2169 3220 2293 3287 Μὰ
2332 3230 2407 3287 14

171 3317 292 3404 Δί’,
337 3313 417 3415 ἦν
462 3322 526 3391 6²
565 3325 710 3412 ἐγώ,
756 3316 835 3413 ἢν
864 3324 952 3412 μὴ
1003 3325 1082 3392 σύ
1113 3351 1232 3409 μοι
1277 3324 1397 3409 τὴν
1430 3318 1627 3407 ἀχλύν
1672 3350 1819 3402 πως
1866 3319 2118 3412 ἀφέλῃς
2161 3317 2300 3389 άπὸ

99 3422 356 3490 ’68τῶν’
326 3428 677 3513 ομμάτωνῖ
726 3432 838 3495 νῦν
883 3427 1010 3513 γὰρ
1057 3426 1134 3513 δὴ
1186 3430 1399 3515 λημᾶν
1446 3424 1521 3493 οὗ
1567 3433 1855 3548 μετρίως
1900 3426 2091 3492 δοκῶ.
2167 3426 2304 3491 Καὶ

173 3523 280 3613 μὴν
335 3524 525 3597 οὐδέν
568 3556 673 3617 γε,
732 3527 772 3620 ἠ
821 3528 886 3596 δ’
937 3523 1043 3610 ός,
1104 3528 1265 3613 ἐμοῦ
1323 3528 1581 3649 δεήσει·
1641 3528 1715 3595 τὸ
1781 3526 1907 3613 γὰρ
1964 3522 2304 3612 ὀξυδερκὲς

176 3620 351 3709 αὐτὸς
393 3627 519 3722 ήδη
549 3637 760 3719 γῆθεν
803 3626 984 3720 ἥκεις
1021 3632 1208 3714 ἔχων.
1307 3637 1391 3697 Τί
1422 3616 1537 3697 οῦν
1569 3630 1763 3697 τοῦτό
1812 3627 2025 3711 ἐστιν,·
2069 3624 2145 3695 οὐ
2176 3654 2302 3715 γαρ

177 3723 289 3794 οἶδ’
298 3785 314 3812 ,
360 3734 546 3825 ἔφην.
632 3728 769 3801 Οὔκ
814 3731 1047 3815 οἶσθα,
1093 3720 1133 3823 ἦ
1182 3726 1245 3799 6'
1298 3726 1393 3813 ός,
1440 3728 1640 3799 ἀετοῦ
1682 3732 1802 3819 τὴν
1847 3736 2140 3817 πτέρυγα
2184 3730 2302 3817 τὴν

178 3827 374 3909 δεξιὰν
429 3843 924 3923 περικείμενος,·
978 3840 1113 3903 Καὶ
1171 3829 1388 3920 μάλα,
1449 3820 1528 3925 ῆν
1585 3830 1651 3899 δ
1716 3832 1859 3932 ἐγώ.
1946 3839 2013 3899 τί
2071 3827 2134 3899 δ’
2189 3818 2305 3900 οῦν

180 3939 430 4024 πτέρυγι
473 3942 584 4005 καὶ
632 3932 977 4026 ὀφθαλμώ
1021 3936 1245 4004 κοινόν
1292 3934 1507 4019 ἐστινς
1549 3935 1716 4016 Οτι,
1762 3932 1800 4023 ἠ
1851 3928 1914 4000 6'
1967 3926 2069 4015 ός,
2114 3934 2303 4020 παρὰ

180 4036 329 4105 πολὺ
372 4044 504 4108 τῶν
550 4036 769 4108 άλλων
818 4039 1002 4127 ζῴων
1049 4034 1243 4117 άετός
1302 4036 1484 4105 ἐστιν
1532 4030 2074 4119 οξυωπέστατος,
2130 4029 2306 4103 ὥστε
