2750 4534
370 218 492 276 102
1240 220 1615 275 ΔΟΥΚΙΑΝΟΥ

530 392 780 454 ΖΕΥΣ.
872 375 964 455 Εὖ
1012 388 1220 474 λε’γεις
1266 390 1591 474 ἐπίτομόν
1634 415 1785 457 τινα
1834 391 2183 477 ῥητορείαν
2233 394 2346 456 καὶ
2394 392 2524 478 ῥᾳ-

363 491 702 575 διουργίαν
745 490 990 579 ταύτην
1037 487 1323 577 εὔπορον
1367 507 1511 571 τοῖς
1557 486 2063 577 ἀπορουμένοις.

256 601 328 656 15
538 600 634 658 15.
683 598 893 659 ΕΡΜ.
967 589 1212 677 ’Ἀρξαι
1257 588 1320 660 δ’
1375 580 1492 661 οῦν
1536 620 1726 661 ποτε.

529 699 780 761 ΖΕΥΣ.
849 689 1038 762 Ἀντὶ
1084 699 1354 763 πολλῶν
1401 722 1512 777 αν,
1560 683 1615 761 ῶ
1661 692 1896 780 α’νδρες
1940 701 2117 775 θεοί,
2160 696 2525 784 χρημάτων

361 793 534 879 ὑμᾶς
589 795 870 863 ἑλέσθαι
921 797 1197 881 νομίζω,
1260 798 1319 865 εἰ
1365 798 1657 886 φανερόν
1700 804 1958 885 γένοιτο
2002 796 2157 881 ὑμῖν
2202 790 2241 865 3
2283 825 2353 864 τι
2399 798 2524 886 δή-

363 924 532 965 ποτε
564 925 693 984 αρα
735 895 934 966 τοῦτό
979 898 1177 981 ἐστιν,
1226 894 1339 988 ἐφ’
1392 894 1527 987 ὅτῳ
1572 904 1685 968 νῦν
1730 900 2126 995 ξυνελέγητε.
2212 892 2327 968 ὅτε
2370 908 2522 967 τοί-

363 1027 477 1067 νυν
533 996 736 1068 τοῦθ’
810 994 1022 1080 οὕτως
1079 1002 1241 1085 ε’χει,
1309 1002 1636 1089 προσήκει
1690 1002 2068 1089 προθύμως
2126 996 2522 1089 ἀκροᾶσθαί

363 1127 491 1185 μου
544 1105 865 1188 λέγοντος.
954 1100 989 1172 3
1036 1105 1157 1188 μὲν
1204 1091 1318 1171 οῦν
1363 1104 1601 1187 παρών
1644 1105 1902 1192 καιρός,
1951 1100 2004 1170 ὠ
2050 1110 2226 1186 θεοί,
2272 1130 2517 1188 μονον-

365 1208 506 1286 ουχὶ
566 1207 736 1290 λέγει
793 1205 1022 1294 φωνὴν
1076 1200 1334 1294 ἀφιείς,
1396 1201 1503 1274 ὅτι
1545 1211 1680 1274 τῶν
1725 1210 2081 1294 παρόντων
2128 1206 2519 1292 ἐρρωμένως

365 1308 802 1395 ἆντιληπτέον
858 1305 1015 1397 ἡμῖν
1074 1307 1286 1391 ἐστιν,
1344 1304 1539 1395 ἡμεῖς
1596 1309 1668 1375 δὲ
1724 1309 1903 1376 πάνυ
1960 1303 2299 1394 ὀλιγώρως
2344 1310 2517 1391 ’ἐχειν

361 1433 479 1491 μοι
532 1409 848 1494 δοκοῦμεν
901 1410 1076 1496 πρὸς
1131 1404 1317 1476 αὗτά.
1404 1412 1735 1495 βούλομαι
1793 1411 1864 1479 δὲ
1920 1407 2043 1499 ἤδη
2094 1448 2169 1457 -
2217 1414 2329 1477 καὶ
2385 1411 2637 1496 γὰρ659

363 1509 704 1579 ἐπιλείπει
733 1538 817 1596 με
847 1509 881 1579 ὅ
915 1514 1363 1601 Δημοσθένης
1397 1550 1472 1559 -
1510 1509 1676 1579 αὐτὰ
1709 1508 1861 1596 ὑμῖν
1909 1512 2207 1600 δηλῶσαι
2254 1516 2516 1602 σαφῶς,

363 1606 477 1700 ἐφ’
551 1613 652 1691 οἷς
716 1615 1197 1700 διαταραχθεὶς
1265 1614 1622 1702 ξυνήγαγον
1694 1612 1813 1700 τὴν
1894 1613 2273 1701 ἐκκλησίαν·
2344 1615 2518 1697 χθὲς

358 1712 520 1798 γάρ,
589 1712 681 1793 ὥς
737 1715 914 1791 ἰ’στε,
973 1721 1380 1803 Μνησιθέου
1439 1720 1557 1782 τοῦ
1615 1715 1979 1802 ναυκλήρου
2036 1714 2374 1793 θύσαντος
2425 1715 2515 1781 τὰ

363 1816 659 1903 σωτήρια
705 1816 819 1883 ἐπὶ
864 1821 947 1905 τῇ
991 1821 1104 1905 νηῒ
1142 1811 1368 1904 ὀλίγου
1416 1818 1553 1885 δεῖν
1600 1812 1982 1904 ἀπολομένῃ
2030 1820 2187 1901 περὶ
2220 1816 2335 1883 τὸν
2366 1824 2517 1883 Κα-

361 1922 610 2006 φηρέα,
673 1918 1088 2003 εἱστιώμεθα
1141 1918 1208 1986 ἐν
1253 1926 1597 2000 Πειραιεῖ,
1656 1915 1954 1996 ὁπόσους
1998 1917 2184 2007 ἡμῶν
2230 1915 2264 1985 o‘
2313 1924 2517 2006 Μνη-

361 2025 599 2097 σίθεος
643 2019 760 2087 ἐπὶ
797 2020 916 2109 τὴν
961 2027 1213 2089 θυσίαν
1259 2022 1593 2089 ἐκάλεσεν·
1643 2018 1789 2088 εἶτα
1830 2020 1998 2105 μετὰ
2042 2020 2165 2099 τὰς
2211 2022 2517 2100 σπονδὰς

362 2118 548 2205 ὑμεῖς
589 2147 710 2205 μεν
755 2118 955 2202 ἀλλος
986 2119 1150 2211 αλλῃ
1198 2123 1601 2208 ἐτράπεσθε,
1656 2148 1747 2201 ως
1792 2121 2047 2210 ἑκάστῳ
2093 2123 2333 2203 ε’δοξεν,
2383 2123 2511 2208 ἐγώ

362 2222 435 2288 δε
478 2258 562 2269 -
608 2216 876 2290 οὐδέπω
919 2223 1044 2311 γὰρ
1089 2223 1267 2292 πάνυ
1312 2222 1447 2309 ὀψὲ
1491 2210 1571 2311 ἦν
1615 2261 1698 2272 -
1744 2218 2041 2312 ἀνῆλθον
2087 2222 2153 2301 ἐς
2195 2223 2269 2289 τὸ
2320 2218 2512 2301 ἄστυ,

361 2321 452 2403 ὥς
489 2328 1031 2414 περιπατήσαιμι
1075 2327 1148 2393 τὸ
1200 2328 1488 2394 δειλινὸν
1534 2327 1601 2393 ἐν
1646 2330 2039 2412 Κεραμεικῷ
2084 2325 2324 2393 ἐννοῶν
2372 2320 2517 2409 ἶίιια

359 2432 478 2495 τοῦ
532 2435 937 2518 Μνησιθέου
1002 2427 1119 2515 τὴν
1189 2432 1691 2515 σμικρολογίαν,
1760 2428 1834 2506 ὃς
1899 2428 2238 2496 ἑκκαίδεκα
2304 2429 2517 2507 θεοὺς

361 2530 599 2599 ἑστιῶν
672 2527 1073 2619 ἀλεκτρυόνα
1143 2532 1349 2616 μόνον
1421 2536 1786 2613 κατέθυσε,
1864 2535 2139 2617 γέροντα
2211 2526 2515 2597 κάκεῖνον

359 2630 485 2723 ’ἤδη
529 2637 638 2701 καὶ
684 2634 1086 2721 κορυζῶντα,
1139 2637 1250 2700 καὶ
1297 2636 1669 2718 λιβανωτοῦ
1710 2633 2027 2717 χόνδρους
2070 2639 2392 2718 τέτταρας
2437 2619 2514 2699 εῦ

359 2737 542 2821 μάλα
587 2733 1057 2821 εὐρωτιῶντας,
1106 2733 1197 2815 ῶς
1244 2731 1480 2803 αὐτίκα
1526 2736 2021 2822 ἐπισβεσθῆναι
2066 2739 2161 2821 τῷ
2192 2731 2631 2816 ἀνθρακι,“660

360 2840 527 2927 μηδὲ
586 2833 744 2905 ὅσον
804 2834 972 2927 ἐῖκρᾳ
1027 2842 1109 2925 τῇ
1168 2840 1301 2923 ρινὶ
1358 2838 1749 2927 ὀσφρέσθαι
1801 2842 1919 2904 τοῦ
1974 2841 2234 2903 καπνοῦ
2285 2862 2515 2922 παρα-

364 2940 664 3022 σχόντος,
722 2944 833 3007 καὶ
889 2943 1100 3007 ταῦτα
1159 2940 1533 3025 ἑκατόμβας
1590 2934 1751 3019 ὅλας
1794 2938 2253 3024 ὑποσχόμενος
2298 2935 2515 3005 ὁπότε

362 3038 402 3129 ἡ
463 3046 620 3119 ναῦς
675 3039 798 3130 ἤδη
855 3048 1311 3128 προσεφέρετο
1369 3047 1467 3129 τῷ
1519 3045 1824 3129 σκοπέλῳ
1868 3046 1977 3109 καὶ
2025 3041 2209 3119 ἐντὸς
2250 3068 2329 3129 ην
2374 3044 2513 3107 τῶν

260 3150 334 3205 16
363 3143 686 3230 ἑρμάτων.
779 3150 877 3212 16.
936 3143 1085 3211 ἐπεὶ
1147 3144 1218 3211 δὲ
1268 3149 1479 3211 ταῦτα
1539 3144 1779 3213 ἐννοῶν
1827 3152 2137 3230 γίγνομαι
2178 3143 2345 3209 κατὰ
2390 3142 2514 3230 τὴν

361 3247 720 3333 Ποικίλην,
796 3242 932 3333 ὅρῶ
996 3249 1268 3336 πλῆθος
1343 3241 1751 3368 ἀνθρώπων
1803 3247 2131 3331 πάμπολυ
2204 3246 2515 3332 ξυνεστη-

360 3351 504 3431 κός,
579 3348 793 3427 ἐνίους
860 3350 981 3433 μὲν
1053 3348 1240 3418 ἔνδον
1306 3348 1374 3416 ἐν
1433 3345 1601 3438 αυτῇ
1668 3353 1751 3437 τῇ
1809 3352 2004 3437 στοᾷ,
2078 3348 2371 3425 πολλοὺς
2437 3348 2516 3415 δὲ

362 3452 431 3519 ἐν
489 3455 583 3538 τῷ
639 3448 1002 3539 ὖπαίθρῳ,
1060 3458 1173 3518 καί
1227 3478 1415 3530 τινας
1467 3455 1767 3537 βοῶντας
1809 3454 1919 3518 καὶ
1980 3452 2518 3533 διατεινομένους

365 3552 482 3620 ἐπὶ
511 3558 644 3621 τῶν
687 3553 919 3622 θάκων
964 3559 1402 3642 καθημένους.
1481 3553 1750 3631 εἰκάσας
1794 3540 1911 3621 οῦν
1954 3551 2124 3636 ὅπερ
2169 3554 2265 3637 ἠν,
2314 3553 2517 3640 φιλο-

363 3657 619 3745 σόφους
677 3654 847 3724 εἶναι
891 3660 1024 3725 τῶν
1081 3654 1426 3742 ἐριστικῶν
1469 3656 1754 3737 τούτων,
1810 3654 2182 3745 ἐβουλήθην
2228 3652 2519 3733 ἐπιστας

365 3753 646 3826 ἀκοῦσαι
703 3752 918 3826 αὖτῶν
961 3757 999 3827 3
1041 3786 1111 3827 τι
1159 3764 1271 3828 καὶ
1330 3761 1623 3845 λέγουσι·
1684 3762 1795 3825 καὶ
1840 3796 1921 3807 —
1968 3758 2192 3841 ε’τυχον
2236 3755 2360 3842 γὰρ
2408 3782 2518 3824 νε·-

365 3864 573 3950 φέλην
603 3866 736 3929 τῶν
776 3865 1073 3945 παχειῶν
1118 3862 1681 3988 περιβεβλημένος
1725 3898 1808 3909 —-
1852 3866 2265 3949 σχηματίσας
2309 3857 2518 3942 ἐμαυ-

363 3965 481 4030 τὸν
537 3957 603 4041 ἐς
661 3962 778 4031 τὸν
837 3963 990 4031 εκείπ
1011 3990 1100 4029 ων
1158 3964 1413 4050 τρόπον
1455 3966 1564 4031 καὶ
1610 3962 1726 4031 τὸν
1772 3963 2063 4049 πώγωνα
2122 3960 2519 4039 ἐπισπασά-
