2750 4534
419 262 506 321 56
1292 263 1707 328 mammon

422 427 880 555 ἆπονῆχονται
921 455 1100 516 προς
1138 457 1263 520 την
1303 436 1449 518 γῆν.
1518 431 1693 497 ἔνθα
1734 430 1815 518 δη
1847 433 1959 498 καὶ
1988 432 2287 514 μάλιστα
2316 433 2460 500 ἰ’δοι
2486 457 2586 510 τις

421 561 508 600 αν
571 532 835 623 ὁπόσην
895 530 1070 618 {aze
1126 529 1435 618 ἂλλήλων
1490 530 1757 600 εὔνοιαν
1820 532 2317 614 ἐπεδείκνυντο,
2378 533 2451 600 ἐν
2504 549 2585 622 τῇ

421 635 600 722 πρὸς
658 637 816 715 τοὺς
857 636 1133 713 zze-5³03
1173 637 1551 723 συμπλοκῇ.
1636 639 1971 722 πεποίηκε
2024 634 2153 720 γὰρ
2206 631 2245 701 6
2290 636 2585 756 γραφεὺς

423 737 739 824 ἑκάτερον
781 733 1156 821 ἆμελοῦντα
1197 740 1322 821 μὲν
1355 741 1495 803 τῶν
1520 731 1689 802 καθ’
1736 736 1977 803 ἑαυτὸν
2004 739 2369 820 πολεμίων,
2416 731 2585 819 ‹iuv-

425 841 706 924 νόμενον
763 840 838 906 δὲ
894 839 1054 917 τοὺς
1103 838 1639 927 ἐπιφερομένας
1677 843 1955 924 θατέρῳ
1994 842 2108 905 καὶ
2150 839 2287 920 πρὸ
2334 839 2587 906 ἐκείνου

423 936 737 1007 ἆπαντᾶν
789 940 1210 1024 πειρώμενον
1263 953 1411 1018 τοῖς
1455 940 1819 1022 τοξεύμασι
1866 943 1981 1007 καὶ
2022 938 2191 1021 παρ’
2246 933 2447 1006 ουδὲν
2484 966 2587 1008 τι·
2602 954 2683 1004 514

421 1048 749 1126 θέμενον,
809 1067 872 1108 ει
915 1037 1378 1109 ἇποθανεῖται
1420 1043 1651 1119 σώσας
1690 1041 1813 1108 τὸν
1852 1044 2087 1129 φίλον,
2141 1044 2253 1108 καὶ
2296 1040 2419 1129 τὴν
2465 1037 2579 1109 ἐπ’

424 1144 676 1212 ἐκεῖνον
735 1151 1114 1269 φερομένην
1167 1142 1429 1231 πληγὴν
1484 1143 1943 1227 προαρπάσας
1994 1147 2095 1228 τῶ
2152 1142 2391 1209 ἑαυτοῦ
2456 1144 2589 1210 σώ-

355 1253 390 1306 ⁰1
424 1271 612 1329 ματι.
680 1252 742 1312 7.
783 1246 906 1332 τὴν
949 1245 1030 1333 δὴ
1061 1244 1394 1332 τοσαύτην
1437 1269 1709 1312 ευνοιαν
1752 1238 1973 1311 αὐτῶν
2012 1247 2125 1310 καὶ
2168 1244 2289 1333 τὴν
2330 1269 2401 1310 εν
2444 1260 2591 1321 τοῖς

422 1349 672 1426 δεινοῖς
724 1354 1084 1414 κοινωνίαν
1137 1351 1252 1414 καὶ
1305 1346 1387 1413 τὸ
1446 1345 1695 1413 πιστὸν
1746 1349 1858 1412 καὶ
1916 1348 2305 1433 φιλέταιρον
2348 1350 2468 1413 καὶ
2510 1345 2587 1412 τὸ

423 1444 686 1538 ἄληθες
737 1451 850 1516 καὶ
904 1454 1184 1533 βέβαιον
1234 1452 1358 1514 τοῦ
1412 1447 1589 1534 πρὸς
1644 1442 2051 1534 ἇλλήλους”
2014 1472 2263 1531 ερωτος
2304 1441 2425 1514 οὗκ
2472 1443 2590 1515 ἂν·

421 1551 750 1635 θρώπινα
792 1554 1008 1616 ταῦτα
1049 1546 1374 1636 ᾠήθημεν
1417 1547 1627 1630 εἶναι,
1686 1543 1859 1615 ἄλλά
1899 1574 2087 1628 τινος
2126 1549 2390 1637 γνώμης
2429 1553 2589 1634 βελ-

423 1643 720 1740 τίονοςῆ
762 1651 934 1718 κατὰ
975 1651 1134 1730 τοὺς
1162 1651 1458 1729 πολλοὺς
1489 1651 1765 1728 τούτους
1807 1645 2237 1734 ἇνθρώπους,
2282 1655 2351 1717 οἳ
2392 1657 2591 1738 μέχρι

421 1758 548 1838 μὲν
595 1748 747 1821 κατ’
800 1779 1000 1840 ουρον
1055 1749 1092 1820 ὅ
1139 1755 1356 1830 πλοῦς
1411 1754 1551 1840 εἴη,
1608 1767 1757 1830 τοῖς
1808 1755 2038 1876 φίλοις
2082 1747 2589 1838 ἀγανακτοῦσιν,

422 1957 662 2041 μικρόν
716 1982 787 2024 τι
843 1950 1250 2044 ἂντιπνεύσῃ
1307 1951 1569 2036 αὐτοῖς,
1624 1957 1925 2039 οιχονται
1974 1957 2219 2039 μόνους
2260 1969 2407 2035 τοῖς
2449 1983 2593 2024 κιν-

426 2059 650 2137 δύνοις
705 2052 1182 2136 ἀπολιπόντες.
1269 2061 1383 2124 καὶ
1440 2059 1568 2145 γὰρ
1626 2083 1743 2126 ουν
1784 2061 1899 2125 καὶ
1947 2052 2173 2124 τάδε’
2148 2054 2337 2136 ὁπως
2382 2058 2592 2147 εἰδῇς,

427 2154 620 2228 οὐδὲν
677 2160 942 2226 Σκύθαι
1008 2162 1244 2246 φιλίας
1307 2160 1535 2243 μεῖζον
1590 2160 1851 2226 οἴονται
1912 2157 2117 2241 εἰναι,
2186 2155 2339 2226 οὐδὲ
2405 2161 2593 2230 εστιν

426 2257 544 2349 ἐφ’
596 2254 734 2348 ὅτῳ
779 2257 865 2327 ἄν
899 2286 1006 2338 τις
1035 2260 1303 2347 Σκύθης
1329 2263 1588 2345 μᾶλλον
1632 2261 2029 2344 σεμνύναιτο
2058 2251 2100 2350 ἢ
2144 2256 2261 2329 ἒπὶ
2290 2266 2389 2348 τῷ
2420 2286 2592 2346 συμ-

427 2365 725 2452 πονῆσαι
783 2362 964 2451 φίλῳ
1027 2356 1218 2449 ἆνδρὶ
1260 2366 1373 2429 καὶ
1416 2365 1819 2449 κοινωνῆσαι
1862 2366 1997 2428 τῶν
2042 2363 2307 2450 δεινῶν,
2352 2357 2592 2447 ὥσπερ

429 2457 622 2530 οὖδὲν
657 2461 918 2542 ὄνειδος
960 2463 1188 2546 μεῖζον
1231 2458 1401 2546 παρ’
1451 2459 1611 2549 ἡμῖν
1654 2467 1774 2530 τοῦ
1817 2464 2157 2552 προδότην
2202 2467 2436 2551 φιλίας
2480 2490 2593 2551 γε-

425 2569 755 2656 γενῆσθαι
801 2566 1037 2632 δοκεῖν.
1115 2564 1228 2632 διὰ
1273 2567 1489 2630 ταῦτα
1524 2565 1837 2651 Ὀρέστην
1866 2568 1978 2631 καὶ
2008 2565 2327 2652 Πυλάδην
2372 2570 2593 2649 τιμῶ-

425 2692 579 2752 μεν,
640 2662 956 2753 ἀρίστους
1012 2671 1407 2752 γενομένους
1458 2665 1545 2731 τὰ
1588 2670 1873 2732 Σκυθῶν
1922 2661 2151 2748 ἇγαθὰ
2196 2671 2307 2733 καὶ
2354 2667 2424 2732 ἐν
2470 2693 2593 2755 φι-

427 2771 544 2856 λίᾳ
611 2767 1094 2854 διενεγκόντας,
1160 2765 1200 2833 ὃ
1262 2771 1534 2852 πρῶτον
1601 2763 1790 2855 ἡμεῖς
1854 2767 2173 2834 ἁπάντων
2236 2769 2593 2852 θαυμάζο-

425 2894 579 2952 μεν,
624 2872 734 2935 καὶ
778 2863 1075 2952 τοῦνομα
1121 2867 1238 2934 ἐπὶ
1280 2867 1547 2946 τούτοις
1591 2864 1822 2935 αὐτοῖν
1866 2868 2192 2954 ἐθέμεθα,
2246 2871 2595 2955 Κοράκους

426 2972 822 3050 καλεῖσθαι,
880 2974 1080 3036 τοῦτο
1140 2970 1213 3035 δέ
1270 2969 1450 3036 εστιν
1507 2995 1577 3036 εν
1632 2974 1717 3056 τῇ
1772 2967 2061 3059 ἡμετέρᾳ
2118 2975 2311 3059 φωνῇ
2354 2965 2593 3056 ὥσπερ

431 3099 512 3137 αν
558 3070 625 3138 εἴ
665 3096 769 3149 τις
815 3071 1012 3155 λέγοι,
1056 3073 1280 3190 φίλιοι
1324 3071 1661 3154 δαίμονες.

359 3183 397 3238 8
606 3177 664 3239 8.
711 3178 1010 3240 ΜΝΗΣ.
1067 3159 1142 3238 Ω
1195 3172 1477 3256 Τόξαρι,
1538 3169 1614 3238 οὗ
1658 3172 1865 3257 μόνον
1912 3199 2043 3258 αρα
2086 3175 2378 3252 τοξεύειν
2424 3169 2593 3262 ἆγα-
2610 3193 2684 3245 515

427 3277 552 3341 θοὶ
595 3260 767 3362 ἦσαν
811 3275 1076 3341 Σκύθαι
1118 3277 1228 3341 καὶ
1274 3273 1358 3340 τὰ
1406 3273 1741 3358 πολεμικὰ
1793 3279 1927 3340 τῶν
1984 3271 2205 3342 ἄλλων
2254 3273 2591 3359 ἀμείνους,

428 3371 600 3442 ἀλλὰ
643 3378 754 3442 καὶ
803 3377 994 3463 ῥῆσιν
1040 3376 1259 3443 εἰπεῖν
1306 3371 1625 3443 ἁπάντων
1670 3377 2166 3444 πιθαιώτατοι.
2240 3377 2387 3462 ἐμοὶ
2433 3384 2595 3463 γοῦν

426 3482 595 3558 τέως
641 3474 864 3556 ἄλλως
905 3477 1337 3565 γιγνώσκοντι
1386 3474 1506 3568 η’δη
1549 3481 1662 3545 καὶ
1709 3473 1888 3565 αυτῷ
1935 3480 2163 3546 δίκαια
2206 3494 2431 3547 ποιεῖν
2479 3483 2595 3548 δο-

426 3593 601 3646 κεῖτε
659 3572 871 3658 ου’τως
908 3574 1223 3668 Ὀρέστην
1266 3583 1380 3647 καὶ
1424 3579 1740 3664 Πυλάδην
1786 3579 2277 3660 ἐκθειάσαντες.
2366 3581 2595 3670 ἐλελή-

428 3687 582 3760 θεις
641 3682 717 3748 δέ
771 3707 887 3766 με,
951 3709 1004 3746 ω
1060 3696 1350 3768 γενναῖε,
1409 3685 1520 3750 καὶ
1562 3683 1858 3770 γραφεὺς
1903 3678 2166 3769 ἀγαθὸς
2210 3679 2320 3752 ὤν.
2412 3686 2595 3752 πάνυ

426 3787 584 3868 γοῦν
647 3782 937 3869 ἐναργῶς
990 3783 1339 3862 ἐπέδειξας
1391 3781 1552 3871 ἡμῖν
1606 3783 1729 3862 τοὶς
1774 3784 1842 3850 ἐν
1885 3789 1982 3870 τῷ
2018 3778 2370 3872 Ὀρεστείῳ
2417 3784 2594 3854 εικό-

428 3909 547 3965 νας
600 3887 712 3952 καὶ
769 3884 889 3974 τὴν
948 3884 1162 3975 μάχην
1221 3889 1356 3952 τῶν
1418 3882 1678 3970 ἀνδρῶν
1733 3889 1845 3954 καὶ
1910 3886 1995 3952 τὰ
2053 3883 2224 3972 ὑπὲρ
2286 3881 2595 3975 ἀλλήλων

426 3985 799 4072 τραύματα.
889 3985 1066 4074 πλὴν
1125 3981 1274 4053 ἀλλ’
1341 3982 1459 4054 οὐκ
1516 3982 1753 4076 ᾠήθην
1815 3984 1896 4053 ἄν
1954 4014 2124 4056 ποτε
2178 3982 2351 4056 οὕτω
2397 4015 2595 4070 περι-
