2750 4534
192 1686 247 1727 c.
285 1669 389 1725 23.

197 2298 252 2338 c.
290 2281 393 2337 24.

200 2706 252 2747 c.
290 2689 392 2748 25.

896 262 1199 315 lUPPITER
1236 260 1646 314 TRAGOEDUS.
2228 261 2350 319 237

410 446 437 497 7
452 444 487 499 6
512 457 589 497 m.
620 442 653 497 2
688 455 919 513 supscr.
950 439 1131 499 θέλοι
1157 432 1330 515 παρὰ
1354 432 1510 510 τοὺς
1535 470 1615 479 --
1639 430 1793 514 τύχῃ
1824 430 1844 518 ΙΙ
1870 432 2053 513 τύχοι
2079 431 2350 497 ΩῗῑΜυῒ.

409 548 437 600 7
453 546 486 601 6
512 576 591 583 -
608 536 1106 620 παρασυρόμενα
1128 534 1145 617 ΙΙ
1169 534 1707 618 παρασυρόμενον
1733 538 1782 599 21
1808 534 2277 618 περισυρόμενα
2301 539 2355 597 Α

412 676 485 684 --
522 638 734 705 εἰκότα
782 639 803 719 ΙΙ
848 636 1111 715 εἰκότως
1141 642 1195 700 Α
1225 675 1305 684 -—
1351 636 1732 721 εὑρίσκωσιν
1781 640 1799 719 ss
1849 637 2255 720 εὑρίσκουσιν
2299 640 2355 699 Α

410 779 491 787 -
514 740 776 819 πομπὰς
809 739 831 824 ΙΙ
868 739 1148 817 σπονδὰς
1194 738 1409 801 ΩΜυῒ.
1456 776 1537 785 —-
1569 739 1695 804 εἶτ’
1724 737 1743 824 ΙΙ
1787 741 1920 804 εἶτα
1967 740 2018 803 21
2048 774 2130 783 ·-
2165 764 2354 804 κατα-

406 854 732 923 γελῶντας
775 848 891 921 μὲν
925 840 943 928 ΙΙ
981 864 1094 905 om.
1139 848 1254 919 μὲν
1288 840 1559 904 ΩΓΜυῒ.
1611 878 1684 887 -
1733 842 2354 924 ἀποφραττομένους

406 944 423 1027 ΙΙ
468 946 1087 1025 α’ποσφαττομένους
1118 941 1187 1006 Ω
1218 980 1298 989 -
1328 954 1532 1009 ταῦτα
1578 942 1600 1026 ΙΙ
1644 942 1723 1009 τὰ
1767 953 2036 1009 τοιαῦτα
2080 949 2226 1006 Μυῒ.
2273 981 2354 989 -

410 1051 472 1126 ές
516 1046 661 1113 τόδε
693 1046 715 1131 ΙΙ
749 1054 834 1125 εἰς
879 1075 929 1113 τ.
980 1051 1124 1109 Μυῒ.
1157 1083 1240 1093 -—
1283 1045 1835 1130 προσαγαγόντων
1869 1048 1890 1129 ΙΙ
1923 1044 2354 1129 προαγόντων

409 1148 532 1211 ΑΩ
580 1188 653 1197 -
708 1150 791 1217 ου’
832 1154 1024 1231 μέγας
1057 1148 1079 1233 ΙΙ
1113 1150 1261 1217 οὐδὲ
1305 1176 1365 1227 μ.
1418 1148 1485 1210 Ω
1529 1185 1609 1194 -—
1657 1147 1855 1214 πάλαι
1889 1148 1910 1233 ΙΙ
1945 1171 2060 1212 om.
2106 1146 2227 1211 ΩΓ
2271 1186 2354 1195 —-

412 1250 509 1316 ἔτι
554 1252 630 1317 δὲ
674 1246 1167 1336 εὐτυχούντων
1213 1252 1235 1337 ΙΙ
1283 1252 1814 1333 ἐπευτυχούντων
1861 1254 1912 1316 21
1956 1260 2056 1332 76,
2103 1273 2216 1314 om.
2265 1255 2354 1317 ἔτι

410 1382 477 1420 τε
522 1360 690 1427 Μυῒ..
740 1356 837 1421 ἔτ’
884 1378 997 1419 om.
1044 1382 1109 1421 τε
1141 1353 1208 1416 Ω
1244 1392 1320 1401 --
1351 1354 1579 1433 μόνων
1607 1352 1628 1440 l}
1671 1376 1785 1417 om.
1830 1350 2100 1416 ΩΓΜυῒ.
2144 1353 2354 1431 μόνον

411 1462 467 1519 Α
528 1465 601 1519 76
678 1494 759 1504 -
814 1461 1217 1536 ἑστιωμένων
1290 1456 1309 1540 ΙΙ
1381 1461 1854 1539 καρπουμένων
1927 1452 2197 1517 ΩΓΜυῒ.
2277 1464 2352 1518 76

412 1580 717 1639 suprascr.
762 1581 837 1623 m.
887 1566 921 1621 2
972 1568 1047 1622 76

423 1665 552 1727 ἐστι
595 1668 711 1741 μὲν
756 1688 809 1743 γ.
846 1662 871 1745 ΙΙ
904 1683 1019 1725 om.
1052 1658 1191 1742 ΩΓ,
1240 1683 1354 1723 om.
1398 1666 1515 1738 μὲν
1559 1661 1813 1724 ΑἳΙΜυῒ.
1865 1668 1941 1722 76
1975 1696 2057 1705 -
2090 1659 2179 1737 ὡς
2213 1660 2234 1739 ΙΙ
2269 1659 2357 1737 ὡς

413 1763 533 1848 γὰρ
576 1762 698 1827 ΩΓ
728 1764 950 1843 καθὼς
984 1766 1240 1828 ΑἩΜυῒ.
1292 1772 1367 1826 76
1401 1800 1484 1808 -
1514 1762 1590 1829 τὸ
1633 1768 1748 1841 μὲν
1781 1766 1903 1843 ε’γκ.
1943 1762 1964 1844 ΙΙ
1997 1783 2113 1825 om.
2155 1768 2271 1840 μὲν
2300 1766 2356 1823 Α

415 1904 497 1913 -
526 1877 647 1933 τοῦ
676 1870 1086 1946 βουλομένου
1120 1865 1143 1950 ΙΙ
1177 1888 1289 1928 om.
1321 1862 1444 1927 ΩΓ
1467 1902 1549 1913 -—
1575 1872 1611 1931 ὁ
1629 1865 1643 1887 ’
1672 1864 1852 1943 ὅπως
1885 1864 1908 1948 ΙΙ
1941 1870 2004 1930 δὲ
2037 1863 2138 1931 fix.
2173 1860 2240 1925 Ω
2275 1900 2352 1909 —-

414 1969 737 2052 γενήσεται
780 1967 799 2053 ΙΙ
854 1974 1108 2052 γένηται
1164 1966 1269 2032 ἩΓ
1334 2006 1414 2015 -
1473 1966 1947 2047 ξυμβουλεῦσαι
1990 1966 2008 2052 ΙΙ
2053 1982 2113 2029 σ.
2160 1963 2227 2027 Ω
2275 2004 2356 2013 ——

414 2082 612 2138 τοῦτο
655 2068 674 2156 ΙΙ
716 2071 909 2137 τοῦτ’
954 2069 1073 2132 ΩΓ
1121 2108 1199 2117 —-
1233 2070 1421 2137 ἄλλοι
1465 2068 1483 2152 ΙΙ
1528 2070 1715 2137 ἄλλοι
1760 2077 1866 2135 καὶ
1912 2080 2107 2136 τοῦτο
2137 2072 2206 2137 Α.
2285 2072 2356 2130 In

417 2176 547 2236 cod.
593 2178 741 2236 Mut.
786 2176 974 2236 multa
1020 2180 1417 2236 evanuerunt.

427 2274 548 2355 ἐγὼ
594 2282 658 2340 δὲ
702 2274 721 2358 ΙΙ
764 2297 879 2338 om.
941 2280 1006 2340 δὲ
1051 2271 1171 2335 ΩΓ
1220 2311 1300 2320 -
1345 2278 1407 2352 ἐς
1452 2272 1610 2339 ὅσον
1655 2269 1673 2354 ΙΙ
1717 2280 1802 2351 εἰς
1845 2271 1914 2335 Ω
1961 2310 2041 2319 —-
2087 2276 2292 2351 Δᾶμιν
2335 2270 2355 2356 ΙΙ

416 2377 620 2455 Δάμιν
676 2381 730 2438 Α
776 2414 856 2423 —
918 2375 1211 2442 ἐκποδὼν
1254 2375 1273 2461 ΙΙ
1318 2379 1612 2441 ἐκποδῶν
1669 2378 1723 2435 Α
1775 2411 1860 2421 --
1903 2374 1944 2457 ἦ
1997 2401 2125 2439 τινι
2169 2371 2185 2457 ΙΙ
2228 2400 2353 2439 τινι

415 2478 456 2561 ἦ
498 2476 565 2540 Ω
596 2516 679 2527 —-
714 2478 843 2556 ἅμα
889 2478 1008 2561 γὰρ
1050 2475 1070 2563 ΙΙ
1114 2476 1241 2556 ἅμα
1288 2484 1351 2543 δὲ
1402 2485 1477 2540 76
1513 2514 1592 2523 —-
1634 2474 2061 2559 μετερχόμεθα
2105 2475 2124 2560 ΙΙ
2164 2475 2356 2541 κολα-

417 2590 607 2663 ζομεν
660 2578 835 2645 ΩἩΓ
888 2619 961 2627 —
1007 2581 1170 2646 καθ’
1213 2579 1398 2663 ἡμῶν
1457 2586 1598 2659 ὁιεξ.
1645 2576 1664 2664 ΙΙ
1709 2586 1852 2658 ὃιεξ.
1912 2604 1970 2643 κ.
2027 2577 2126 2661 ἣμ.
2176 2577 2228 2640 Ἡ
2274 2614 2356 2623 --

427 2684 538 2763 ἐφ’
566 2683 717 2766 ἡμῖν
762 2692 897 2747 τῶν
942 2680 1264 2748 τοιούτων
1308 2680 1327 2766 ΙΙ
1370 2684 1509 2743 add.
1555 2685 1726 2746 ἐστὶν
1773 2678 1891 2741 ΩΓ
1928 2688 2004 2743 76
2050 2707 2101 2745 τ.
2139 2707 2188 2747 τ.
2241 2680 2356 2761 ἐφ’

414 2785 568 2868 ἡμῖν
615 2789 786 2851 ἐστὶν
846 2787 1045 2849 &Mun
1091 2820 1175 2831 ·-—
1220 2784 1376 2849 ἀλλ’
1421 2784 1438 2867 ΙΙ
1484 2782 1648 2849 α’λλά
1709 2792 1786 2847 76
1834 2820 1917 2829 --
1962 2791 2133 2863 τοίγε
2177 2780 2196 2868 ΙΙ
2241 2804 2355 2845 om.
2452 2810 2461 2818 ·

419 2886 687 2950 ΩΓΜυῒ.
721 2924 801 2933 -
837 2890 895 2952 εἴ
931 2914 1040 2965 μοι
1084 2885 1101 2972 ΙΙ
1148 2890 1207 2952 εἴ
1243 2912 1311 2968 γε
1353 2913 1463 2965 μοι
1509 2883 1628 2947 ΩΓ
1632 2892 1777 2949 Μυῒ.
1808 2922 1893 2931 -
1924 2889 2042 2953 οἴει
2072 2882 2088 2968 ΙΙ
2130 2889 2192 2947 in
2237 2906 2356 2947 raS.

418 3011 719 3068 suprascr.
760 2992 877 3055 οἴει
922 2986 989 3051 Ω
1024 3027 1104 3036 -—
1136 2993 1203 3053 ἐκ
1234 2997 1432 3072 Πίσης
1473 2986 1492 3074 ΙΙ
1537 2993 1605 3068 ἐξ
1651 2989 1986 3072 Ὀλυμπίας
2029 2984 2150 3049 ΩΓ
2182 3026 2264 3035 -
2291 2990 2362 3068 ἓξ

417 3090 436 3177 ss
465 3113 581 3155 om.
615 3096 761 3155 Μυῒ.
791 3128 876 3137 -
905 3102 1069 3170 μνᾶς
1098 3090 1115 3174 ΙΙ
1145 3102 1317 3170 μνᾶν
1349 3088 1618 3153 ΩΓΜυῒ.
1661 3126 1740 3136 --
1777 3102 2095 3177 Γεραιστῷ
2122 3088 2140 3175 ΙΙ
2164 3116 2362 3174 χωρε-

422 3204 555 3259 στῶ
584 3199 638 3257 Α
670 3231 750 3240 -
782 3196 1056 3260 ἕλκοντα
1099 3193 1119 3279 ΙΙ
1160 3197 1471 3272 ἕλκοντας
1501 3195 1702 3258 ἳΙΜυῒ.
1736 3230 1814 3239 -
1846 3192 2062 3277 ,Ὠρεοῦ
2105 3190 2125 3274 ΙΙ
2166 3194 2359 3276 ὀρεοῦ

420 3308 463 3362 1·
492 3334 576 3343 --
606 3295 708 3362 διὰ
738 3306 937 3363 τοῦτο
982 3293 1001 3381 ΙΙ
1044 3296 1135 3361 δι’
1184 3295 1345 3362 αὐτὸ
1389 3293 1511 3358 ΩΓ
1515 3300 1659 3358 Μυῒ.
1691 3332 1774 3343 —-
1811 3294 2361 3377 ἀποσκευάζεσθαι

421 3398 439 3483 ΙΙ
483 3398 1035 3480 ἀποσκευάζοντες
1079 3394 1298 3461 ΩΜυῒ.
1335 3434 1415 3444 --
1449 3396 1623 3464 οὕτω
1669 3423 1763 3480 κρ.
1813 3394 1832 3481 ΙΙ
1873 3424 1968 3479 κρ.
2021 3396 2195 3463 οὕτω
2241 3394 2360 3457 ΩΓ

422 3536 504 3546 —-
550 3498 858 3579 ἐπίτομόν
902 3526 1047 3566 τινα
1090 3498 1109 3585 ΙΙ
1155 3498 1482 3578 σύντομόν
1527 3527 1587 3565 τι
1632 3520 1797 3579 supr.
1843 3502 2150 3577 ἐπίτομον
2196 3495 2248 3559 Γ
2280 3537 2363 3545 -

421 3600 662 3685 ταύτην
694 3605 889 3685 ἔγωγε
914 3601 933 3689 ΙΙ
964 3625 1078 3666 om.
1111 3599 1254 3684 ΩΓ,
1288 3624 1400 3665 om.
1436 3606 1630 3683 ἔγωγε
1662 3608 1738 3663 76
1772 3637 1852 3647 -
1888 3604 2361 3683 ἐπινενοηκέναι

422 3702 441 3788 ΙΙ
470 3708 697 3772 ἔπινεν.
728 3708 866 3767 add.
894 3708 1089 3786 ἔγωγε
1110 3702 1231 3767 ΩΓ
1261 3712 1336 3767 76
1363 3741 1445 3750 -
1467 3710 1801 3781 θυννῶδες
1819 3702 1836 3786 ΙΙ
1857 3708 2148 3781 θυνῶὂες
2170 3700 2358 3781 ANP)

426 3842 505 3851 --
538 3806 707 3887 παχύ
734 3805 755 3892 ΙΙ
783 3806 983 3890 τραχύ
1022 3808 1073 3871 21
1112 3843 1195 3853 —-
1231 3822 1651 3889 προαναιρεῖν
1673 3802 1692 3891 ss
1721 3803 2219 3888 προαναιρήσειν
2244 3802 2363 3865 ΩΓ

428 3914 575 3970 Μυῒ.
600 3946 683 3954 -
708 3907 1191 3992 ἀνταγωνιστήν
1220 3906 1239 3995 ΙΙ
1268 3906 1837 3990 α’νανταγωνιστήν
1867 3904 1934 3969 Ω
1960 3944 2034 3953 ——
2063 3906 2362 3989 ἀποθάνῃ

424 4010 443 4094 ΙΙ
470 4010 797 4077 α’ποθάνοι
843 4008 1055 4079 ΩΜυῒ.
1098 4020 1173 4074 76
1208 4048 1290 4058 -
1321 4013 1411 4076 ἔτι
1444 4008 1460 4093 ΙΙ
1490 4032 1604 4073 om.
1634 4007 1702 4072 Ω
1735 4048 1816 4057 --
1849 4009 2012 4077 ἄλλο
2057 4014 2366 4077 ἐπινοεῖτε
