2750 4534
988 228 1150 281 ΖΕΥΣ
1183 191 1550 282 ΤΡΑιῺιΔοΣ.
2217 231 2339 289 113

181 396 339 479 ἐμέ,
399 400 723 479 τοσαῦτα,
783 392 873 476 ὥς
917 396 1080 485 φής,
1140 398 1505 485 πράγματα
1550 398 1805 481 ἔχοντες
1847 400 1957 465 καὶ
2002 396 2087 464 τὰ
2132 397 2201 465 ἐν
2244 404 2340 486 τῷ

177 498 418 585 κόσμῳ
451 494 702 585 ἄπειρα
731 500 806 566 τὸ
839 502 1110 585 πλῆθος
1138 494 1301 567 ὄντα
1346 499 1923 583 οἰκονομούμενοι.,·
1970 494 2143 567 ὥστε
2187 495 2339 569 οὐδὲ

182 605 262 666 σε’
293 627 412 666 πω
456 594 786 686 ἠμύναντο
819 595 912 667 ὦν
957 600 1290 683 ἐπιορκεῖς
1328 594 1433 667 ἀεὶ
1476 605 1586 669 καὶ
1631 607 1763 667 τῶν
1810 597 2112 681 άλλων,(
2096 602 2203 668 ι’να
2246 603 2335 692 μὴ

176 706 296 769 καὶ
348 696 551 780 αὐτὸς
592 704 1013 791 βλασφημεῖν
1061 696 1528 787 ἀναγκάζωμαι
1573 702 1760 789 παρὰ
1803 701 1887 769 τὰ
1934 703 2334 789 ξυγκείμενα.

177 811 414 871 καίτοι
481 797 598 887 οὗχ
659 801 796 887 ὁρῶ
859 797 1068 893 ἥντιν’
1141 795 1221 869 ἀν
1290 800 1491 892 αλλην
1561 804 1886 883 ἐπίδειξιν
1948 814 2065 891 τῆς
2122 800 2336 871 αἰτων

74 910 519 992 685προνοίας
582 906 785 990 μείζω
853 906 1202 991 ἐξενεγκεῖν
1257 906 1579 994 η’δυναντο
1639 897 1680 995 ἢ
1740 907 1814 974 σὲ
1874 906 2071 974 κακὸν
2126 912 2339 985 κακῶς

180 1008 692 1095 ἐπιτρίψαντες.
787 1002 956 1074 ἀλλὰ
1011 1009 1204 1097 δῆλοί
1248 1007 1417 1076 εἰσιν
1464 1002 1967 1097 ἀποδημοῦντες
2010 1006 2179 1095 ὑπὲρ
2224 1010 2337 1077 τὸν

172 1110 492 1178 Ὠκεανὸν
535 1111 704 1189 >ι’σως
745 1105 893 1194 μετ’
949 1105 1292 1194 ἀμύμονας
1320 1110 1765 1200 Αἰθιοπῆας·
1814 1112 1979 1189 ἔθος
2019 1116 2176 1197 γοῦν
2222 1107 2339 1179 αὖ·

177 1227 332 1293 τοῖς
377 1217 662 1295 συνεχῶς
709 1213 880 1279 ἰέναι
914 1209 1082 1297 παρ’
1150 1207 1391 1293 αὐτοὺς
1432 1212 1601 1297 μετὰ
1647 1213 1845 1279 δαῖτα
1888 1217 1999 1280 καὶ
2046 1216 2337 1301 ἀνεπαγ-

178 1318 447 1401 γέλτοις
491 1314 722 1382 ἐνίοτε.

361 1423 464 1484 38.
519 1424 615 1483 ΤΙ
622 1423 714 1483 Μ.
791 1423 875 1483 Τί
932 1415 1108 1500 πρὸς
1159 1416 1489 1503 τοσαύτην
1548 1409 2015 1497 ἀναισχυντίαν
2072 1416 2338 1499 εἴποιμι
2364 1432 2441 1489 38

185 1516 287 1601 ἀν,
338 1505 397 1584 ωἴ
440 1522 666 1601 Δᾶμι,-

359 1624 606 1687 ΔΑΜ.
664 1615 936 1701 Ἐκεῖνο,
985 1606 1040 1684 ὦ
1091 1619 1471 1703 Τιμόκλεις,
1519 1618 1555 1685 ὃ
1603 1614 1820 1687 πάλαι
1866 1618 1987 1705 ἐγώ
2038 1619 2338 1686 ἐπόθουν

189 1718 476 1790 ἀκοῦσαί
508 1745 645 1803 σου,
695 1716 883 1800 ὅπως
914 1721 1244 1808 ἐπείσθης
1273 1720 1549 1788 οἴεσθαι
1584 1736 1895 1805 προνοεῖν
1924 1722 2079 1799 τοὺς
2113 1720 2336 1800 θεούς.

369 1832 565 1891 ΤΙΜ.
627 1822 710 1891 Ἡ
761 1824 949 1903 τάξις
1003 1850 1088 1908 με
1147 1828 1417 1908 πρῶτον
1460 1829 1591 1890 τῶν
1646 1830 2007 1910 γινομένων
2051 1824 2336 1904 ἔπεισεν,

165 1924 276 2013 ,[ὃ]
324 1920 514 2013 ηλιος
558 1920 666 1993 ἀεὶ
694 1952 814 2044 την
856 1920 1061 2015 αὐτὴν
1107 1921 1264 1992 ὅδὸν
1311 1923 1433 1991 ἰῶν
1477 1930 1587 1993 καὶ
1636 1927 1873 2055 σελήνη
1915 1925 2081 1992 κατὰ
2128 1920 2337 1993 ταύτὰ

185 2032 299 2095 καὶ
346 2055 519 2112 ωραι
563 2023 972 2114 τρεπόμεναι
1017 2032 1127 2094 καὶ
1187 2028 1364 2115 φυτὰ
1424 2028 1727 2115 φυόμενα
1768 2032 1876 2095 καὶ
1926 2030 2061 2115 ζῶα
2103 2030 2340 2115 γεννώ-

187 2156 357 2214 μενα
415 2134 524 2197 καὶ
585 2125 754 2196 αὐτὰ
817 2134 1029 2197 ταῦτα
1089 2124 1299 2207 οὕτως
1331 2124 1711 2219 ευμηχάνως
1752 2137 2338 2214 κατεσκευασμένα,

189 2230 284 2311 ὦς
320 2238 702 2322 τρέφεσθαι
744 2236 857 2300 καὶ
901 2232 1146 2300 ἐννοεῖν
1189 2236 1300 2299 καὶ
1345 2238 1688 2299 κινεῖσθαι
1731 2236 1841 2299 καὶ
1886 2232 2181 2317 βαδίζειν
2228 2238 2337 2299 καὶ

189 2339 666 2401 τεκταίνεσθαι
709 2335 820 2400 καὶ
867 2347 1324 2416 σκυτοτομεῖν,
1383 2336 1495 2399 καὶ
1536 2320 1749 2399 τάλλα
1792 2338 2002 2399 ταῦτα
2048 2327 2124 2399 οὗ
2172 2359 2341 2419 προ-

189 2442 384 2515 νοίας
430 2436 589 2521 ε’ργα
635 2432 810 2503 εἶναί
855 2457 965 2501 σοι
1011 2434 1222 2517 δοκεῖς

363 2542 506 2605 ΔΑ
517 2544 610 2603 Μ.
668 2530 862 2603 Αὗτό
907 2562 1042 2603 που
1085 2536 1162 2603 τὸ
1213 2535 1625 2623 ζητούμενον,
1672 2522 1727 2601 ὦ
1779 2535 2145 2619 Τιμόκλεις,
2194 2536 2341 2614 ξυν-
2420 2594 2423 2597 ,

193 2640 550 2727 αρπάζεις·
611 2638 878 2707 οὐδέπω
921 2637 1044 2724 γὰρ
1091 2638 1292 2728 δῆλον
1336 2637 1395 2705 εἰ
1440 2644 1728 2727 προνοίᾳ
1768 2638 2021 2704 τούτων
2068 2637 2341 2705 ἕκαστον

191 2740 650 2809 ἀποτελεῖται.
711 2734 862 2806 ἀλλ’
911 2734 1018 2806 ὅτι
1047 2740 1168 2824 μὲν
1199 2740 1477 2806 τοιαῦτά
1509 2739 1651 2807 ἐστι
1678 2737 1762 2805 τὰ
1790 2738 2103 2826 γινόμενα
2134 2746 2341 2828 φαίην

192 2836 276 2912 ἀν
315 2847 429 2911 καὶ
479 2837 708 2921 αὐτός·
756 2836 832 2909 οὗ
879 2841 1009 2929 μὴν
1055 2836 1290 2909 αὐτίκα
1335 2848 1720 2909 πεπεῖσθαι
1766 2836 2007 2929 ἀνάγκη
2052 2845 2160 2909 καὶ
2204 2839 2337 2909 ὖπό

189 2971 380 3025 τινος
446 2950 878 3032 προμηθείας
945 2938 1111 3010 αὐτὰ
1176 2950 1561 3030 γίγνεσθαι·
1629 2944 1726 3011 ἔνι
1781 2942 1906 3031 γὰρ
1958 2947 2067 3011 καὶ
2124 2940 2342 3024 ἄλλως

193 3044 537 3135 ἀρξάμενα
581 3052 695 3115 νῦν
753 3043 1006 3130 ὁμοίως
1048 3050 1159 3113 καὶ
1213 3046 1381 3112 κατὰ
1437 3046 1645 3113 ταύτὰ
1707 3047 2171 3125 ξυνίστασθαι.
2264 3049 2343 3114 σὺ

95 3152 266 3218 asad&
295 3150 490 3229 τάξιν
523 3144 741 3215 αὐτῶν
783 3142 1132 3232 ὀνομάζεις
1173 3145 1293 3236 τὴν
1339 3142 1642 3237 ἀνάγκην.
1691 3144 1835 3215 εἶτα
1882 3148 2129 3239 δηλαδὴ
2180 3144 2345 3233 ἀγα-

193 3252 572 3339 νακτήσεις,
631 3250 696 3317 εἴ
749 3256 853 3328 τίς
911 3272 1020 3317 σοι
1076 3248 1166 3337 μὴ
1229 3244 1637 3377 ἀκολουθοίη
1692 3250 1776 3316 τὰ
1835 3249 2150 3335 γινόμενα
2207 3256 2344 3333 μέν,

193 3352 410 3421 ὁποῖά
479 3352 652 3433 εστι,
721 3356 1326 3437 καταριθμουμένω
1391 3354 1500 3418 καὶ
1570 3351 1985 3433 επαινοῦντι,
2061 3351 2344 3439 οἰομένω

195 3456 268 3523 δὲ
329 3450 683 3532 ἀπόδειξιν
733 3456 944 3519 ταῦτα
989 3449 1162 3519 εἶναι
1203 3456 1322 3519 τοῦ
1365 3456 1477 3520 καὶ
1525 3460 1814 3541 προνοίᾳ
1858 3452 2346 3521 διατάττεσθαι

196 3553 419 3625 αὐτῶν
465 3556 760 3623 ἕκαστον.
807 3548 978 3620 ὥστε
1020 3551 1188 3619 κατὰ
1231 3555 1349 3621 τὸν
1393 3554 1711 3639 κωμικόν·

533 3661 718 3724 τουτὶ
763 3657 883 3740 μὲν
926 3650 1428 3745 ὑπομόχθηρον,
1477 3653 1640 3723 ἀλλο
1684 3682 1799 3741 μοι
1850 3658 2009 3741 λέγε.

369 3767 472 3829 39.
526 3765 720 3825 ΤΙΜ.
760 3752 916 3844 Ἐγώ
954 3759 1074 3841 μὲν
1120 3752 1235 3825 οὐκ
1279 3756 1471 3843 οἶμαι
1513 3763 1624 3827 καὶ
1672 3755 1874 3848 άλλης
1920 3757 2034 3825 ἐπὶ
2080 3758 2343 3837 τούτοις
2374 3776 2447 3833 39

193 3867 336 3933 δεῖν
391 3856 825 3941 ἀποδείξεως.
895 3854 1076 3945 όμως
1135 3855 1199 3927 δ’
1252 3887 1367 3928 ουν
1414 3861 1574 3949 ἒρω·
1632 3856 1995 3946 ἀπόκριναι
2038 3861 2163 3947 γάρ
2208 3888 2343 3945 μοι.

171 3962 472 4055 Ὅμηρός
517 3986 626 4031 σοι
671 3964 852 4030 δοκεῖ
893 3986 1166 4049 αριστος
1207 3964 1493 4052 ποιητὴς
1534 3969 1887 4050 γενέσθαι,·

292 4076 469 4120 Luciam
485 4074 545 4117 11.
571 4076 614 4119 2.
2012 4067 2041 4119 8
