2750 4534
412 232 534 291 130
1254 259 1259 263 ·
1297 232 1669 287 ΔΟΥΚΙΔΝΟΥ

412 398 808 490 ἀναρτήσειν
865 400 1106 481 ἑαυτὰς
1164 396 1629 487 ἀμελούμεναι.
1730 398 1894 490 ὁρᾷς
1948 394 2125 469 ὅσων
2186 395 2467 487 ἀγαθῶν
2538 397 2578 467 o‘

407 503 650 590 χρυσὸς
711 504 960 586 αἴτιος,
1028 504 1094 570 εἲ
1131 529 1206 590 γε
1248 507 1355 570 καὶ
1417 518 1779 588 μεταποιεῖ
1833 501 1989 581 τοὺς
2049 496 2395 590 ἀμόρφους
2450 506 2585 569 καὶ

412 607 769 691 ἐρασμίους
801 600 1248 692 ἀπεργάζεται
1293 599 1523 692 ὥσπερ
1557 602 1592 673 ὃ
1626 604 1979 694 ποιητικὸς
2024 604 2267 683 ἐκεῖνος
2309 605 2582 683 κεστός.
2606 627 2693 676 '125

413 703 672 787 ἀκούεις
717 710 789 775 δὲ
832 711 943 775 καὶ
987 712 1118 776 τῶν
1165 712 1464 798 ποιητῶν
1511 708 1833 793 λεγόντων

723 796 774 878 ῶ
819 815 1036 896 χρυσέ,
1085 809 1376 894 δεξίωμα
1422 809 1777 876 κάλλιστον

415 938 527 979 και

720 1011 960 1099 χρυσὸς
1002 1013 1129 1100 γάρ
1175 1013 1355 1080 ἐστιν
1402 1012 1476 1091 ὃς
1518 1016 1780 1098 βροτῶν
1827 1011 1960 1094 ε’χει
2002 1010 2227 1098 κράτη.

421 1112 590 1180 ἀλλὰ
636 1121 705 1181 τί
747 1114 992 1198 μεταξὺ
1041 1112 1376 1201 ἐγέλασας,
1423 1101 1476 1181 ῶ
1524 1108 1925 1201 ἀλεκτρυών,

314 1228 384 1283 15
592 1224 690 1283 15.
735 1220 1025 1286 ΑΛΕΚ.
1088 1210 1240 1285 (Ότι
1283 1210 1393 1283 υπ’
1448 1211 1737 1304 ἀγνοίας,
1787 1202 1839 1281 ῶ
1877 1216 2156 1295 Μικύλε,
2202 1216 2312 1280 καὶ
2358 1212 2437 1280 σὺ
2488 1214 2584 1279 τὰ

420 1311 622 1403 όμοια
681 1332 824 1397 τοῖς
868 1321 1149 1397 πολλοῖς
1204 1317 1624 1408 ἐξηπάτησαι
1679 1322 1837 1406 περὶ
1890 1321 2025 1383 τῶν
2068 1318 2444 1382 πλουσίων·
2514 1318 2586 1382 οἱ

423 1422 493 1488 δὲ
528 1418 596 1488 εὖ
628 1422 786 1489 ἰ’σθι
830 1421 1006 1489 πολὺ
1052 1418 1236 1506 ῦμῶν
1281 1416 1705 1508 ἀθλιώτερον
1748 1419 1865 1487 τὸν
1901 1426 2051 1505 βίον
2094 1423 2353 1503 βιοῦσι·
2400 1420 2587 1504 λέγω

424 1523 499 1589 δέ
541 1546 650 1590 σοι
708 1524 818 1590 καὶ
877 1528 1083 1611 πένης
1137 1525 1247 1589 καὶ
1294 1523 1619 1601 πλούσιος
1677 1516 2004 1599 πολλάκις
2055 1520 2404 1606 γενόμενος
2461 1524 2586 1587 καὶ

425 1623 677 1703 παντὸς
739 1630 893 1709 βίου
953 1625 1479 1713 πεπειραμένος·
1545 1627 1714 1708 μετὰ
1770 1622 2007 1711 μικρὸν
2074 1623 2146 1689 δὲ
2201 1626 2312 1689 καὶ
2373 1614 2591 1699 αῦτός

423 1725 568 1813 εἴσῃ
617 1726 876 1794 ἕκαστα.

423 1924 708 2018 ἠλλάγης
751 1931 862 1995 καὶ
909 1928 951 1995 ἃ
986 1929 1320 1996 σύνοισθα
1363 1934 1462 2016 τῷ
1504 1936 1636 2017 βίῳ
1682 1928 1959 2015 ἑκάστῳ.

593 2035 886 2097 ΑΛΕΚ.
946 2026 1188 2097 ’Ἀκουε
1221 2032 1543 2099 τοσοῦτόν
1572 2056 1645 2117 γε
1675 2029 2011 2117 προειδὼς
2052 2031 2306 2118 μηδένα
2334 2053 2421 2113 με
2454 2032 2589 2095 σοῦ

427 2126 1011 2219 εὐδαιμονέστερον
1051 2138 1328 2218 βιοῦντα
1373 2133 1761 2253 ewqaxslvac‘.

594 2242 797 2303 ΜΙΚ.
878 2229 1088 2320 Ἐμοῦ,
1136 2234 1188 2302 ῶ
1234 2230 1638 2323 ἀλεκτρυών,·
1684 2230 1856 2303 ούτω
1903 2238 2012 2302 σοὶ
2053 2240 2341 2321 γένοιτο·
2404 2259 2586 2319 προ-

428 2333 548 2426 άγῃ
579 2338 704 2426 γάρ
734 2364 817 2424 με
863 2338 1332 2421 λοιδορεῖσθαί
1376 2361 1507 2407 σοι.
1584 2332 1733 2404 ἀλλ’
1770 2337 1923 2405 εἰπὲ
1970 2331 2109 2404 ἀπὸ
2154 2340 2275 2403 τοῦ
2306 2330 2586 2423 Εὐφόρ-

423 2446 546 2525 βου
605 2434 1003 2527 ἀρξάμενος,
1067 2434 1257 2517 όπως
1315 2440 1385 2519 ἐς
1438 2440 1855 2526 Πυθαγόραν
1912 2438 2365 2529 μετεβλήθης,
2428 2434 2691 2508 εἶτα726

429 2542 577 2630 ἑξῆς
636 2539 785 2630 ἄχρι
853 2546 972 2610 τοῦ
1029 2537 1495 2626 ἀλεκτρυόνος·
1566 2541 1741 2621 εἰκὸς
1794 2542 1919 2629 γάρ
1986 2565 2062 2608 σε
2120 2542 2399 2608 ποικίλα
2466 2544 2587 2607 καὶ

433 2646 596 2713 ἰδεῖν
640 2649 749 2712 καὶ
796 2651 1053 2713 παθεῖν
1098 2644 1166 2711 ἐν
1211 2645 1599 2711 πολυειδέσι
1641 2658 1785 2723 τοῖς
1825 2650 2023 2730 βίοις.

326 2763 400 2817 16
605 2754 702 2815 16.
747 2751 1042 2813 ΑΛΕΚ.
1090 2743 1198 2824 Ὡς
1225 2747 1346 2831 μὲν
1380 2746 1452 2825 ἐξ
1468 2740 1904 2823 Ἀπόλλωνος
1933 2745 2009 2812 τό
2038 2748 2307 2827 πρῶτον
2336 2739 2375 2831 ἡ
2400 2745 2591 2832 ψυχή

429 2876 544 2931 μοι
601 2854 1073 2938 καταπταμένη
1137 2848 1203 2926 ἐς
1246 2847 1365 2938 τὴν
1420 2852 1537 2935 γῆν
1584 2847 1767 2915 ἐνέδυ
1827 2849 1923 2927 εἰς
1968 2841 2340 2935 ἀνθρώπου
2389 2850 2593 2930 σῶμα

431 2945 662 3039 ἥντινα
717 2948 836 3036 τὴν
894 2950 1252 3038 καταδίκην
1308 2949 1694 3031 ἐκτελοῦσα,
1753 2948 2003 3033 μακρὸν
2062 2939 2141 3015 ὃν
2196 2948 2297 3035 ε’ίη
2347 2948 2586 3033 λέγειν,

435 3049 651 3130 ἄλλως
708 3077 782 3119 τε
840 3046 992 3119 οῦδὲ
1048 3045 1236 3120 ὅσιον
1292 3046 1435 3119 οὔτ’
1502 3052 1651 3136 ἐμοὶ
1697 3051 1913 3119 εἰπεῖν
1969 3048 2120 3118 οὔτε
2164 3052 2274 3117 σοὶ
2319 3045 2591 3116 ἀκούειν

433 3154 516 3222 τὰ
561 3158 860 3222 τοιαῦτα.
934 3148 1152 3221 ἔπειτ’
1204 3150 1557 3243 Εὔφορβος
1602 3154 1915 3242 ἐγενόμην
1962 3204 1976 3217 .
2024 3205 2041 3221 .
2090 3206 2107 3220 .
2153 3205 2170 3220 .

604 3263 805 3323 ΜΙΚ.
903 3257 1116 3323 Τοῦτό
1161 3283 1280 3341 μοι
1325 3257 1658 3344 πρότερον
1706 3256 1875 3338 εἰπέ,
1923 3256 1983 3323 εἰ
2026 3249 2203 3342 κάγώ
2252 3280 2421 3323 ποτε
2465 3250 2595 3346 ἠλ-

435 3360 637 3449 λάγην
681 3351 907 3442 ὥσπερ
954 3358 1055 3425 σύ.

601 3466 897 3529 ΑΛΕΚ.
989 3464 1120 3528 Καὶ
1165 3461 1366 3545 μάλα.

604 3570 809 3629 ΜΙΚ.
905 3569 1024 3641 Τίς
1055 3590 1170 3630 ουν
1199 3561 1279 3649 ἠν
1309 3561 1518 3650 πρόγε
1547 3560 1805 3639 τούτου,
1852 3546 1904 3625 ῶ
1935 3559 2300 3643 θαυμάσιε,
2337 3566 2442 3638 τίς
2474 3546 2589 3649 ἦν,
2578 3592 2597 3605 ·

438 3667 504 3735 εί
544 3693 610 3733 τι
658 3666 824 3748 ε’χεις
871 3664 1108 3733 εἰπεῖν.
1184 3663 1403 3731 ἐθέλω
1447 3662 1572 3751 γὰρ
1618 3666 1813 3729 τοῦτο
1863 3662 2130 3727 εἰδέναι.

602 3772 897 3835 ΑΛΕΚ.
988 3761 1114 3851 Σύ,-
1169 3765 1435 3855 μύρμηξ
1466 3760 1736 3842 Ἰνδικὸς
1790 3767 1923 3829 τῶν
1978 3762 2056 3831 τὸ
2096 3768 2370 3849 χρυσίον
2428 3756 2595 3831 ἀνο-

436 3872 824 3954 ρυττόντων.

607 3978 809 4038 ΜΙΚ.
910 3967 1081 4037 Εἶτα
1137 3965 1385 4036 ὤκνουν
1441 3965 1476 4036 ό
1536 3967 1958 4051 κακοδαίμων
2022 3956 2143 4034 κάν
2202 3966 2396 4053 ὀλίγα
2454 3971 2593 4034 τῶν
