2750 4534
991 329 1001 340 ⁴
1050 259 1352 316 ΕικοΝΕΣ.
2198 253 2283 314 33

141 429 369 510 ρευθὲς
435 429 583 496 οἵαν
641 427 760 518 τὴν
815 428 1219 517 Κασάνδραν
1277 426 1346 494 ἐν
1403 431 1481 515 τῇ
1538 429 1731 514 λέσχῃ
1792 425 2072 514 ἐποίησε
2138 441 2283 505 τοῖς

139 534 454 617 Δελφοῖς,
498 535 609 599 καὶ
653 530 915 618 ἐσθῆτα
961 530 1033 597 δὲ
1079 525 1271 608 οὗτος
1316 528 1671 618 ποιησάτω
1718 528 1786 607 ἐς
1827 529 1903 594 τὸ
1955 529 2284 596 λεπτότα-

140 659 244 698 τον
287 633 818 721 ἐξειργασμένην,
877 630 972 712 ῶς
1017 633 1471 700 συνεστάλθαι
1525 632 1647 716 μὲν
1702 624 1835 698 ὅσα
1875 630 2019 715 χρή,
2067 631 2282 718 διηνε-

137 739 406 815 μῶσθαι
450 735 523 800 δὲ
567 733 651 800 τὰ
707 733 962 801 πολλά·
1018 733 1094 802 τὸ
1144 734 1216 800 δὲ
1259 729 1425 799 ἄλλο
1470 736 1665 816 σῶμα
1711 725 2101 819 ὃᾍπελλῆς
2145 732 2283 798 δει-

141 835 300 912 ξάτω
329 834 498 903 κατὰ
545 834 662 924 τὴν
691 834 1092 925 Παγκάστην
1121 834 1440 918 μάλιστα,
1485 832 1577 922 μὴ
1624 829 1789 919 ἄγαν
1834 832 2062 900 λευκὸν
2106 826 2277 898 ἆλλά

141 938 399 1022 ἔναιμον
431 935 694 1016 ἅπλῶς·
739 935 823 1003 τὰ
849 939 1036 1025 χείλη
1083 937 1156 1004 δὲ
1202 936 1313 1004 οἶα
1337 932 1655 1024 Ῥωξάνης
1698 931 2035 1003 ὃᾍετίων
2079 960 2283 1024 ποιη-

139 1036 327 1105 σάτω.
419 1045 475 1109 8.
518 1042 774 1124 μᾶλλον
833 1040 904 1106 δὲ
962 1038 1081 1108 τὸν
1139 1035 1415 1123 ἄριστον
1474 1043 1605 1104 τῶν
1647 1043 1960 1128 γραφέων
1987 1030 2282 1126 ’Όμηρον
2314 1047 2355 1102 8
2417 1125 2425 1136 ¹

141 1143 464 1227 παρόντος
511 1136 948 1232 Εὐφράνορος
991 1145 1102 1210 καὶ
1135 1135 1456 1210 Ἀπελλοῦ
1502 1141 1908 1227 δεδέγμεθα·
1968 1139 2112 1208 οἶον
2155 1140 2282 1226 γάρ

140 1270 199 1311 τι
225 1258 364 1323 τοῖς
391 1245 751 1313 Μενελάου
795 1257 1036 1334 μηροῖς
1073 1243 1154 1311 τὸ
1195 1247 1433 1331 χρῶμα
1478 1241 1724 1321 ἐκεῖνος
1770 1243 2095 1327 ἐπέβαλεν
2140 1241 2282 1308 ἐλέ-

142 1371 331 1432 φαντι
361 1347 638 1425 εἰκάσας
666 1341 878 1434 ἠρέμα
909 1351 1428 1436 πεφοινιγμένῳ,
1472 1345 1737 1413 τοιόνδε
1768 1345 1939 1414 ἔστω
1983 1343 2059 1411 τὸ
2108 1349 2278 1412 πᾶν·

141 1443 172 1514 ὅ
215 1443 266 1513 δ’
317 1443 522 1527 αὗτὸς
577 1443 770 1528 οὗτος
825 1451 937 1517 καὶ
989 1447 1148 1528 τοὺς
1198 1443 1605 1538 ὀφθαλμοὺς
1647 1447 1975 1534 γραψάτω
2016 1450 2283 1532 βοῶπίν

141 1575 277 1617 τινα
333 1551 634 1637 ποιήσας
689 1545 912 1641 αὐτήν.
1000 1551 1538 1635 συνεπιλήψεται
1583 1550 1655 1617 δὲ
1699 1553 1819 1617 τοῦ
1864 1550 2054 1636 ἔργου
2103 1542 2284 1635 αὐτῷ

141 1656 239 1720 καὶ
281 1649 315 1720 ὅ
369 1659 672 1743 Θηβαῖος
723 1653 1041 1744 ποιητής,
1101 1651 1190 1732 ὥς
1234 1653 1308 1721 τὸ
1355 1656 1695 1743 βλέφαρον
1754 1651 2283 1739 ἐξεργάσασθαι·

143 1757 240 1822 καὶ
294 1757 660 1844 φιλομειδῆ
720 1756 792 1822 δὲ
833 1749 1126 1844 Ὅμηρος
1192 1755 1469 1846 ποιήσει
1532 1759 1645 1823 καὶ
1712 1753 2108 1822 λευκώλενον
2171 1758 2285 1821 καὶ

146 1857 633 1939 ῥοδοδάκτυλον,
679 1861 790 1924 καὶ
834 1857 1009 1936 ὅλως
1037 1862 1120 1946 τῇ
1161 1861 1367 1945 χρυσῇ
1391 1852 1762 1946 Ἀφροδίτῃ
1810 1856 2063 1924 εἰκάσει
2106 1855 2281 1923 πολὺ

145 1957 545 2046 δικαιότερον
587 1951 630 2043 ἢ
673 1958 792 2048 τὴν
837 1963 957 2027 τοῦ
1001 1959 1323 2048 Βρισέως.
1414 1966 1473 2026 9.
1519 1963 1732 2026 ταῦτα
1775 1960 1896 2043 μὲν
1943 1945 2057 2026 οὗν
2104 1961 2281 2025 πλα·
2315 1967 2356 2023 9

145 2064 302 2128 στῶν
342 2065 456 2128 καὶ
501 2066 810 2150 γραφέων
853 2065 966 2129 καὶ
1011 2066 1312 2151 ποιητῶν
1357 2062 1600 2140 παῖδες
1640 2059 2054 2147 ἐργάσονται.
2128 2058 2167 2128 ὃ
2212 2061 2286 2128 δὲ

145 2164 338 2228 πᾶσιν
397 2161 694 2231 ἐπανθεῖ
737 2162 1032 2245 τούτοις,
1090 2161 1130 2250 ἡ
1175 2162 1418 2250 Χάρις,
1463 2164 1717 2248 μᾶλλον
1762 2163 1835 2228 δὲ
1878 2166 2101 2229 πᾶσαι
2146 2155 2286 2246 ἅμα

145 2257 381 2333 ὁπόσαι
425 2265 726 2352 Χάριτες
785 2268 896 2333 καὶ
942 2261 1195 2334 ὁπόσοι
1223 2261 1507 2351 Ἔρωτες
1550 2265 2123 2354 περιχορεύοντες,
2180 2271 2287 2343 τίς

151 2353 220 2428 ἂν
258 2368 693 2454 μιμήσασθαι
742 2367 1053 2451 δύναιτο,·

296 2473 536 2540 ΠΟΛ.
616 2469 996 2539 Θεσπέσιόν
1023 2497 1092 2536 τι
1129 2472 1369 2557 χρῆμα,
1418 2468 1470 2535 ῶ
1502 2479 1776 2551 Λυκῖνε,
1824 2468 1957 2559 φὴς
1996 2471 2106 2535 καὶ
2153 2470 2287 2536 διι-

65 2579 133 2628 467
149 2571 328 2650 πετὲς
357 2569 453 2650 ῶς
487 2566 766 2659 άληθῶς
797 2571 940 2639 οἶόν
972 2598 1037 2638 τι
1064 2575 1197 2642 τῶν
1229 2570 1302 2650 ἐξ
1331 2571 1614 2658 ούρανοῦ
1641 2565 1885 2656 γένοιτ’
1924 2567 2027 2637 ἄν.
2100 2577 2169 2637 τί
2214 2571 2287 2636 δὲ

149 2671 561 2754 πράττουσαν
605 2671 779 2752 εἶδες
825 2668 1064 2762 αὗτήν,·

297 2783 521 2844 AYK.
610 2777 888 2861 Βιβλίον
945 2775 1012 2843 ἐν
1069 2790 1220 2844 ταῖν
1269 2789 1493 2860 χεροῖν
1551 2771 1721 2857 εἶχεν
1780 2773 1847 2854 ἐς
1905 2774 2022 2841 δύο
2070 2797 2288 2842 συνει-

153 2874 427 2962 λημένον,
475 2877 588 2946 καὶ
635 2877 827 2965 ἐῴκει
868 2876 945 2945 τὸ
992 2883 1114 2962 μέν
1155 2905 1224 2945 τι
1269 2873 1888 2965 ἀναγιγνώσκεσθαι
1934 2870 2159 2958 αὐτοῦ,
2204 2876 2283 2945 τὸ

152 2975 214 3040 δὲ
267 2975 382 3067 ἤδη
445 2974 902 3067 ἀνεγνωκέναι.
991 2979 1237 3063 μεταξὺ
1284 2980 1357 3047 δὲ
1402 2983 1737 3067 προϊοῦσα
1782 2979 2109 3065 διελέγετο
2154 2983 2289 3045 τῶν

151 3082 745 3168 παρομαρτούντων
801 3085 936 3149 τινὶ
996 3076 1112 3150 οὒκ
1158 3075 1310 3149 οἶδα
1354 3075 1395 3149 3
1437 3101 1535 3149 τι·
1594 3075 1671 3149 οὗ
1714 3081 1840 3167 γὰρ
1887 3081 1954 3160 ἐς
2000 3079 2291 3170 ἐπήκοον

153 3176 522 3269 ἐφθέγγετο.
595 3182 773 3273 πλὴν
817 3183 1228 3267 μειδιάσασά
1270 3208 1362 3269 γε,
1412 3169 1465 3250 ῶ
1504 3184 1959 3268 Πολύστρατε,
2006 3179 2290 3262 ὀδόντας

153 3272 412 3374 ἐξέφηνε
443 3289 592 3365 πῶς
626 3276 707 3353 ἶὶν
738 3287 1006 3370 εἴποιμί
1049 3309 1160 3354 σοι
1203 3284 1417 3374 [ὅπως
1460 3284 1603 3374 μὲν]
1647 3285 1933 3369 λευκούς,
1980 3279 2169 3364 ὅπως
2212 3287 2286 3352 δὲ

158 3392 548 3475 συμμέτρους
602 3391 716 3456 καὶ
777 3387 951 3475 πρὸς
1007 3377 1333 3479 ἆλλήλους
1389 3393 1996 3477 συνηρμοσμένους,·
2054 3374 2092 3475 ἦ
2153 3413 2289 3455 που

157 3484 489 3560 κάλλιστον
519 3483 727 3576 ὅρμον
773 3487 945 3568 εἶδες
989 3489 1060 3558 ἐκ
1101 3494 1234 3558 τῶν
1279 3491 1785 3559 στιλπνοτάτων
1828 3494 1937 3557 καὶ
1987 3489 2289 3576 ἰσομεγε-

159 3589 287 3654 θῶν
348 3595 804 3679 μαργαριτῶν,
874 3585 1084 3670 οὕτως
1150 3591 1266 3659 ἐπὶ
1335 3599 1561 3675 στίχου
1620 3591 2071 3680 ἐπεφύκεσαν·
2140 3589 2291 3658 ἐκο-

161 3693 426 3769 σμοῦντο
487 3694 559 3760 δὲ
617 3693 915 3777 μάλιστα
972 3697 1071 3779 τῶ
1124 3697 1261 3760 τῶν
1318 3696 1560 3778 χειλῶν
1628 3692 2023 3779 ἐρυθήματι.
2120 3688 2288 3760 ὓπε-

165 3797 464 3873 φαίνοντο
531 3799 719 3882 γοῦν,
786 3789 952 3864 αὐτὸ
1023 3794 1104 3885 δὴ
1168 3799 1364 3864 τοῦτο
1424 3795 1744 3881 Ὁμήρου,
1814 3794 2127 3882 ἐλέφαντι
2192 3799 2291 3882 τῷ

167 3900 405 3982 πριστῷ
434 3896 680 3982 ὅμοιοι,
727 3892 842 3980 οὐχ
873 3898 1090 3982 οἱμὲν
1121 3897 1527 3983 πλατύτεροι
1574 3891 1809 3979 αὐτῶν,
1856 3897 1923 3965 οἱ
1968 3897 2039 3964 δὲ
2082 3905 2291 3983 προέ-

163 4016 364 4076 lones
407 3989 445 4085 ἢ
491 4000 907 4088 διεστηκότες
959 3998 1096 4068 οἷοι
1137 4013 1286 4079 ταῖς
1331 4002 1704 4080 πλείσταις,
1752 3993 1920 4066 ἇλλά
1967 4025 2071 4079 τις
2114 4001 2291 4066 πάν-

255 4103 415 4150 Lucitn
431 4109 489 4153 11.
509 4109 547 4152 2.
1952 4104 1982 4154 3
