2750 4534
391 267 471 323 94
1283 272 1658 327 ΛΟΥΚΙΛΝΟΥ

557 444 792 503 KYN..
837 431 1086 503 Ἀκούω
1133 438 1284 505 τινὰ
1329 446 1583 506 Μίνωα
1630 445 1860 528 Κρῆτα
1904 444 2189 524 δικάζειν
2232 447 2415 513 κάτω
2458 448 2549 513 τὰ

385 542 697 605 τοιαῦτα·
742 545 857 606 καί
897 565 1016 623 μοι
1050 534 1415 625 ἀπόκριναί
1458 569 1525 609 τι
1570 546 1682 611 καὶ
1728 540 1899 631 ὑπὲρ
1934 544 2212 615 ἐκείνου·
2262 546 2380 627 σὸς
2414 549 2547 635 γὰρ

385 638 528 716 υἱὸς
573 636 746 706 εἶναι
791 641 1064 725 λέγεται.

551 747 802 807 ΖΕΥΣ.
877 748 962 808 Τί
1007 737 1070 808 δ’
1125 737 1323 809 αὐτὸν
1371 744 1640 833 ἐρωτᾷς,
1688 732 1740 810 ὦ
1792 754 2112 831 Κυνίσκε,

553 849 763 911 ΚΥΝ.
841 850 1043 921 Τίνας
1087 845 1349 925 κολάζει
1390 846 1727 930 μάλιστα,·

551 949 800 1010 ΖΕΥΣ.
888 944 1061 1023 Τούς
1117 947 1453 1034 πονηροὺς
1520 946 1801 1035 δηλαδή,
1873 948 2015 1015 οἷον
2083 944 2549 1039 ἀνδροφόνους

379 1048 490 1112 καὶ
540 1045 938 1131 ἱεροσύλους.

553 1155 760 1215 ΚΥΝ.
835 1154 1039 1226 Τίνας
1085 1149 1156 1215 δὲ
1202 1148 1389 1235 παρὰ
1433 1148 1589 1228 τοὺς
1633 1144 1854 1278 ἥρωας
1903 1149 2339 1236 ἀποπέμπει,

549 1255 798 1317 ΖΕΥΣ.
876 1250 1044 1327 Τους
1104 1244 1405 1335 ἀγαθούς
1462 1276 1534 1317 τε
1588 1255 1700 1319 καὶ
1746 1248 1975 1331 ὁσίους
2018 1257 2127 1321 καὶ
2174 1281 2296 1320 κατ
2383 1248 2545 1373 ἆρε-

377 1350 496 1437 τὴν
539 1351 966 1436 βεβιωκότας.

546 1460 756 1521 ΚΥΝ.
832 1460 1029 1531 Τίνος
1075 1452 1278 1534 ε’νεκα,
1325 1482 1376 1519 ω
1425 1458 1592 1539 Ζεῦ,-

460 1546 463 1549 ’
547 1560 797 1622 ΖΕΥΣ.
865 1555 1067 1623 Διότι
1115 1556 1180 1622 οἱ
1223 1556 1345 1640 μὲν
1389 1561 1606 1645 τιμῆς,
1654 1559 1721 1625 οἱ
1766 1560 1838 1625 δὲ
1882 1558 2219 1638 κολάσεως
2266 1555 2463 1638 ἄξιοι.

549 1665 756 1724 ΚΥΝ.
827 1657 909 1723 Εἰ
967 1658 1040 1724 δέ
1095 1682 1198 1735 τις
1244 1652 1555 1738 ἆκούσιός
1610 1686 1677 1727 τι
1723 1660 1941 1727 δεινὸν
1987 1656 2370 1747 ἐργάσαιτο,
2426 1689 2541 1730 κο-

377 1758 704 1838 λάζεσθαι
747 1761 856 1824 καὶ
903 1762 1138 1825 τοῦτον
1185 1759 1470 1843 δικαιοῖς

546 1865 794 1925 ΖΕΥΣ.
874 1854 1221 1944 Οὐδαμῶς.

545 1968 755 2027 ΚΥΝ.
841 1955 1004 2027 Οὐδ’
1073 1988 1203 2049 αρα
1261 1963 1326 2028 εί
1380 1987 1484 2040 τις
1541 1958 1717 2029 α’κων
1773 1990 1841 2031 τι
1908 1957 2169 2050 ἀγαθὸν
2236 1963 2540 2051 ἔδρασεν,

376 2057 528 2129 οῦδὲ
571 2066 806 2129 τοῦτον
853 2067 1052 2146 τιμᾶν
1099 2058 1446 2141 ἀξιώσειεν
1494 2060 1613 2148 dv,-

543 2159 964 2231 ΖΕΥΣ.ού
1009 2163 1133 2251 γὰρ
1181 2162 1316 2232 οῦν.

543 2274 752 2333 ΚΥΝ.
832 2261 1086 2333 Οὐδένα
1144 2274 1399 2347 τοίνυν,
1456 2295 1508 2333 ω
1556 2272 1717 2341 Ζεῦ,
1780 2266 1930 2335 οὔτε
1982 2272 2183 2350 τιμᾶν
2228 2264 2381 2335 οὔτε
2423 2293 2538 2335 κο·-

372 2368 592 2448 λάζειν
639 2362 1206 2456 αύτῷπροσήκει.

543 2475 791 2538 ΖΕΥΣ.
860 2474 1020 2548 Πῶς
1067 2468 1338 2553 οὐδένα,-

542 2578 752 2638 ΚΥΝ.
817 2565 965 2639 (Ότι
1037 2566 1226 2639 οῦδὲν
1293 2572 1549 2650 ἑκόντες
1621 2573 1685 2639 οἱ
1754 2568 2111 2656 ἄνθρωμοι
2181 2575 2533 2656 ποιοῦμεν,

371 2666 540 2739 άλλά
599 2700 733 2741 τινι
790 2667 1035 2761 ἀνάγκῃ
1108 2670 1383 2763 ἀφύκτῳ
1449 2675 1973 2757 κεκελευσμένοι,
2044 2674 2111 2740 εἴ
2170 2699 2243 2759 γε
2302 2668 2535 2761 ἀληθῆ

371 2774 584 2842 ἐκεῖνά
617 2774 759 2842 εστι
805 2776 888 2842 τὰ
922 2776 1313 2860 ε’μπροσθεν
1346 2771 1841 2901 ὥμολοῖημένα,
1888 2772 1979 2853 ὦς
2008 2771 2047 2862 ἦ
2082 2781 2321 2859 Μοῖρα
2352 2776 2534 2840 πάν-

368 2902 500 2947 των
548 2876 765 2943 αἰτία·
818 2880 928 2942 καὶ
974 2867 1052 2963 ἢν
1099 2878 1344 2965 φονεύῃ
1392 2902 1511 2957 τις,
1560 2877 1769 2965 εκείνη
1818 2876 1998 2944 ἐστὶν
2044 2872 2081 2963 ἦ
2130 2872 2531 2965 φονεύουσα,

367 2980 475 3043 καὶ
521 2966 600 3063 ἢν
647 2968 986 3065 ἱεροσυλῇ,
1047 2983 1622 3064 προστεταγμένον
1669 2972 1851 3064 αὐτῷ
1896 2978 2039 3065 δρᾷ.
2131 2970 2303 3043 ω’στε
2346 2978 2413 3044 εἴ
2451 2996 2647 3063 7⁶⁶ss

367 3078 448 3145 τὰ
498 3079 723 3146 δίκαια
769 3076 803 3147 0‘
840 3086 1081 3157 Μίνως
1129 3080 1414 3159 δικάζειν
1457 3083 1711 3164 μέλλοι,
1756 3080 1872 3169 τὴν
1905 3080 2327 3167 Εἱμαρμένην
2374 3073 2529 3147 ἀντὶ

365 3186 484 3248 τοῦ
529 3180 828 3270 Σισύφου
880 3182 1241 3249 κολάσεται
1295 3186 1409 3249 καὶ
1464 3182 1583 3269 τὴν
1630 3190 1903 3267 Μοῖραν
1966 3176 2113 3249 ἀντὶ
2171 3186 2290 3247 τοῦ
2354 3190 2527 3247 Ταν-

364 3285 588 3352 τάλου.
679 3291 746 3351 τί
788 3282 913 3371 γὰρ
960 3282 1196 3351 ἐκεῖνοι
1249 3278 1569 3373 ἠδίκησαν
1616 3289 2016 3361 πεισθέντες
2058 3297 2200 3361 τοῖς
2248 3282 2527 3368 ἐπιτάγ-

361 3412 568 3471 μασιν
585 3418 606 3471 ,-
1977 3400 1985 3407 ”

262 3499 334 3555 19
548 3498 641 3560 19.
687 3494 934 3555 ΖΕΥΣ.
1037 3482 1269 3556 Ούκέτ’
1351 3482 1497 3555 οὐδ’
1580 3482 2076 3574 ἀποκρίνεσθαί
2150 3511 2259 3554 σοι
2332 3482 2525 3565 ἄξιον

361 3596 642 3659 τοιαῦτα
688 3593 1046 3679 ἐρωτῶντι.
1105 3590 1367 3676 θρασὺς
1426 3589 1551 3676 γὰρ
1608 3588 1667 3657 εἶ
1710 3594 1823 3659 καὶ
1869 3589 2213 3679 σοφιστής.
2288 3595 2401 3655 καί
2446 3612 2526 3655 σε

363 3692 604 3779 ἄπειμι
654 3691 773 3781 ἤδη
820 3692 1228 3760 καταλιπών.

531 3804 738 3863 ΚΥΝ.
795 3789 1104 3883 Ἐδεόμην
1161 3795 1280 3878 μὲν
1338 3794 1439 3861 ἔτι
1490 3796 1600 3860 καὶ
1646 3796 1842 3859 τοῦτο
1892 3792 2173 3879 ερέσθαι
2219 3815 2323 3875 σε,
2382 3794 2522 3857 ποῦ

362 3902 432 3967 αἱ
477 3906 748 3987 Μοῖραι·
789 3899 1246 3984 διατρίβουσιν
1291 3887 1332 3986 ἢ
1378 3900 1526 3974 πῶς
1576 3895 1994 3983 ἐφικνοῦνται
2040 3897 2121 3980 τῇ
2165 3892 2522 3979 επιμελεία

358 4028 487 4069 των
533 4001 869 4069 τοσούτων
917 4000 984 4079 ἐς
1027 3998 1100 4066 τὸ
1151 3998 1592 4079 λεπτότατον,
1654 4000 1763 4065 καὶ
1810 4000 2018 4063 ταῦτα
2064 4009 2239 4081 τρεῖς
2286 3990 2521 4077 ούσαι;
