2750 4534
418 240 541 299 232

418 1058 471 1100 0.

420 1789 470 1831 Ο.

428 2826 480 2867 C.

1357 240 1615 293 LUCIANI

628 422 913 493 χρᾶνθαι
945 410 996 474 Γ
1026 449 1106 460 -
1142 411 1584 495 ἐπηλυγάσθαι
1660 410 2166 495 ε’πηλυγάζεσθαι
2194 413 2250 473 A
2283 419 2357 474 76
2391 415 2588 495 ἐπηυ-

628 514 871 593 γάσθαι
918 515 1117 578 mant.
1150 549 1231 559 —-
1265 517 1848 592 ἐμπολιτευομένας
1889 513 1908 597 ΙΙ
1950 519 2586 592 συμπολιτευομένας

626 620 679 677 Α
708 653 787 663 -
816 624 1043 695 Βενδῖς
1118 622 1353 692 Βανδὶς
1383 618 1437 678 A
1465 652 1547 663 -
1571 618 1843 682 ἐκεινοσὶ
1873 615 1892 698 ΙΙ
1921 618 2164 693 ἐκεῖνος
2190 612 2470 678 OFMut.
2504 618 2582 693 (Ρ)

628 751 709 763 -
754 744 884 801 παρ
905 718 919 739 ’
975 716 1175 783 αὐτὸν
1235 716 1271 783 ὃ
1339 716 1532 794 sung
1587 715 1604 800 ΙΙ
1659 716 1696 781 ὃ
1755 743 1885 801 παρ
1908 717 1923 739 '
1983 717 2165 782 αὐτῶ
2217 716 2392 795 ἆττις
2445 720 2500 777 Α
2547 715 2583 781 ὃ

627 845 691 883 π.
740 819 1011 885 αότῶνῗ
1058 826 1135 881 76
1181 852 1268 863 -
1310 826 1564 901 Μίθρης
1608 819 1625 900 ΙΙ
1668 816 1927 901 Μιθρὴν
1971 822 2026 879 Α
2070 854 2152 865 --
2197 817 2341 901 Μὴν
2387 817 2406 902 ss
2448 827 2586 896 μῦν

626 924 679 981 A
712 956 794 967 --
826 919 972 987 ὅλοι
1002 920 1019 1003 li
1049 942 1164 983 om.
1196 918 1265 982 Ω
1290 956 1372 967 —-
1404 927 1830 1002 πολυτίμητοι
1858 918 1879 1006 Ι
1906 919 2253 998 πολύτιμοι
2283 917 2352 981 Ω
2388 927 2468 983 76

563 1084 577 1100 .
628 1046 734 1103 καὶ
778 1049 977 1105 τοῦτο
1084 1060 1199 1101 om.
1245 1046 1351 1104 καὶ
1381 1036 1503 1099 ΩΓ
1534 1045 1641 1103 καὶ
1685 1048 1818 1103 ποῦ
1851 1048 2049 1104 τοῖτο
2093 1039 2145 1103 it
2175 1074 2258 1085 —
2302 1035 2360 1103 ὦ
2469 1060 2585 1101 om.

515 1776 605 1830 10.

634 1137 851 1203 QMut.
900 1138 953 1205 ὦ
999 1144 1063 1203 in
1109 1161 1229 1203 ras.
1264 1148 1339 1203 76
1389 1176 1472 1186 -
1517 1142 1827 1221 ένοσίγαιε
1871 1140 1890 1224 ss
1933 1143 2288 1221 ἐννοσίγαιε
2329 1137 2456 1201 ΩΓ
2503 1178 2586 1188 -

631 1246 870 1323 πένητα
914 1242 933 1326 ΙΙ
973 1241 1233 1323 πτωχὸν
1280 1238 1347 1303 Ω
1395 1276 1480 1287 —-
1525 1240 1668 1306 τότε
1773 1268 1931 1308 ποτε
1987 1263 2283 1323 suprascr.
2336 1241 2491 1307 τότε
2540 1238 2587 1302 Γ

630 1379 713 1389 -
758 1354 893 1409 τῶν
938 1357 1088 1427 Κορ.
1136 1341 1159 1429 Ι
1203 1366 1318 1407 om.
1364 1352 1499 1410 τῶν
1546 1341 1672 1409 021
1720 1352 1796 1407 76
1830 1381 1912 1392 —-·
1943 1343 2122 1425 ὅλοις
2165 1343 2184 1427 ΙΙ
2227 1343 2370 1422 ὅλις
2415 1348 2473 1406 Α
2509 1380 2582 1389 -

631 1443 971 1524 μετάλλοις
992 1445 1328 1531 ΙΙμετάλοις
1350 1452 1405 1508 A
1428 1482 1504 1492 —
1534 1452 1995 1529 παρεωσμένον
2027 1447 2044 1529 ΙΙ
2073 1450 2586 1530 παρεωραμένον

635 1555 710 1609 76
758 1585 841 1595 -—
883 1558 1333 1632 προτετίμηται
1439 1548 1962 1633 προτετιμήσεται
2007 1546 2056 1610 Γ
2115 1547 2587 1632 προτιμήσηται

637 1650 688 1714 21
732 1650 1187 1734 προτιμήσεται
1232 1654 1287 1712 Α
1335 1658 1412 1713 76

638 1770 796 1847 κάμὲ
841 1770 859 1851 ΙΙ
901 1770 983 1835 κά
1015 1790 1092 1831 ex
1121 1778 1228 1835 καὶ
1262 1790 1416 1834 corr.
1454 1777 1529 1831 76
1562 1804 1645 1815 -—
1677 1774 2015 1852 προέδροις
2057 1768 2076 1851 11
2117 1775 2489 1851 προεδριόις
2517 1765 2584 1829 Ω

634 1907 707 1917 ——
760 1870 899 1936 ἄνω
957 1879 1062 1936 καὶ
1117 1870 1294 1937 κάτω
1350 1882 1486 1937 τῶν
1544 1874 1896 1958 ῥαψῳδιῶν
1954 1870 1971 1953 ΙΙ
2031 1871 2168 1937 ἄνω
2227 1898 2280 1937 κ.
2345 1898 2400 1937 κ.
2467 1871 2585 1937 τὸν

632 1971 944 2053 ραψωδὸν
987 1975 1042 2033 Α
1093 1979 1200 2053 76,
1247 1972 1363 2039 τὸν
1411 1972 1722 2060 ῥαψῳδὸν
1780 1994 1894 2036 om.
1955 1972 2094 2039 ἄνω
2149 1980 2255 2039 καὶ
2299 1971 2484 2039 κάτω
2534 1974 2583 2035 21

634 2109 712 2119 —
762 2077 922 2139 εἶναι
965 2073 985 2159 ΙΙ
1028 2074 1168 2141 ἄνω
1212 2083 1319 2140 καὶ
1376 2075 1554 2141 κάτω
1603 2077 1651 2140 ἳῑ
1699 2110 1778 2121 -
1824 2084 1932 2141 καὶ
1975 2076 2096 2158 γὰρ
2139 2074 2158 2159 ΙΙ
2199 2103 2257 2141 κ.
2303 2075 2428 2159 γὰρ
2477 2084 2583 2141 καὶ

634 2177 684 2239 91
714 2212 796 2222 —
830 2179 991 2242 εἶναι
1036 2181 1151 2260 ἔφη
1196 2176 1213 2260 ΙΙ
1258 2197 1295 2242 σ
1341 2180 1423 2255 (P)
1471 2180 1632 2243 εἶναι
1675 2180 1792 2261 ἔφη
1839 2180 1890 2243 21
1923 2214 2002 2223 —
2035 2182 2106 2239 In
2154 2183 2357 2258 priore
2401 2181 2583 2241 huius

637 2280 849 2357 eapitis
893 2287 1067 2358 parte
1113 2282 1467 2343 Mutinensis
1513 2283 1644 2343 cod.
1699 2283 1940 2343 litterae
1986 2283 2110 2359 legi
2153 2283 2256 2341 vix
2305 2288 2582 2359 possunt.

636 2416 718 2426 --
764 2383 924 2445 εἶναι
970 2379 1090 2464 ἔφη
1136 2382 1154 2464 ΙΙ
1198 2385 1314 2465 ἔφη
1375 2384 1536 2446 εἶναι
1583 2378 1705 2442 ΩΓ
1752 2417 1832 2426 -
1879 2392 2000 2447 νῦν
2043 2380 2062 2466 ΙΙ
2115 2408 2237 2447 νυν
2283 2385 2336 2442 Α
2381 2417 2470 2428 -
2517 2386 2585 2446 έν

634 2498 770 2559 τοῖς
813 2535 826 2547 .
876 2536 889 2550 .
940 2536 953 2549 .
1002 2481 1371 2565 καθήμενον
1418 2483 1434 2563 ΙΙ
1479 2504 1592 2545 om.
1653 2480 1773 2543 ΩΓ
1820 2518 1901 2529 -
1954 2482 2585 2562 ἀπεστεφανωμένον

636 2582 654 2667 ΙΙ
699 2584 1004 2664 α’ποστεφ.
1054 2588 1107 2646 Α
1152 2619 1232 2628 -
1278 2584 1616 2662 κόλοππας
1675 2584 1692 2665 ΙΙ
1737 2583 2064 2661 σκόλοπας
2107 2588 2162 2646 Α
2207 2582 2584 2661 σκόλλοπας

646 2687 695 2749 91
722 2721 798 2731 ——
827 2691 1406 2769 περισεσυλημένον
1435 2684 1455 2771 ΙΙ
1487 2686 1827 2753 α’ποσεσυλ.
1857 2688 1907 2750 21
1939 2688 2509 2769 α’ποσεσηλημένον
2531 2688 2586 2746 A

601 2851 614 2866 .
648 2805 978 2883 Κολοσσός
1022 2803 1249 2891 ΙΙὶἷλιος
1295 2807 1345 2869 ἳΙ
1374 2842 1461 2854 -—
1491 2804 1861 2887 τολμήσειεν
1905 2804 1923 2888 ΙΙ
1965 2803 2274 2886 τολμήσαι
2319 2800 2386 2865 Ω
2432 2814 2584 2870 τολ-

635 2924 956 3040 μησῗιενείο
1000 2957 1049 3019 Γ
1095 2995 1178 3004 -
1226 2964 1282 3023 εἰ
1333 2969 1495 3039 γοῦν
1554 2958 1573 3041 ΙΙ
1617 2964 1672 3023 εἰ
1725 2958 1796 3025 δ’
1855 2954 1977 3025 οὖν
2036 2954 2254 3020 ssMut.
2301 2996 2384 3006 —
2425 2964 2584 3041 μηδὲ

642 3059 861 3141 ὕπερμ.
922 3057 941 3142 ΙΙ
993 3060 1152 3142 μηδ’
1198 3060 1301 3126 ὑπ.
1368 3058 1640 3125 mmm,
1699 3066 1852 3143 μηδὲ
1912 3058 2312 3142 ὕπερμέτρου
2373 3069 2452 3122 76
2503 3096 2582 3107 -

646 3165 816 3228 ἐπεπ.
868 3161 948 3227 ἄν
996 3162 1012 3244 ΙΙ
1047 3184 1161 3225 om.
1210 3162 1291 3228 ἄν
1334 3160 1405 3244 Γ,
1454 3183 1568 3225 om.
1613 3162 1692 3228 ἄν
1737 3166 1864 3226 sed.
1911 3183 1970 3224 n.
2017 3184 2094 3223 m.
2141 3166 2337 3225 adscr.
2383 3160 2453 3224 Ω
2499 3196 2582 3208 ——

639 3263 715 3329 τὸ
774 3264 910 3347 α’κρ.
958 3263 977 3347 Ι]
1027 3265 1269 3347 τάκριβ.
1322 3266 1371 3329 Ἡ
1426 3270 1719 3347 τᾶκριβὲς
1781 3272 1855 3325 76
1915 3300 1998 3309 -
2054 3262 2396 3347 δύσκριτον
2457 3262 2478 3348 ΙΙ
2521 3270 2569 3330 δ.

637 3365 756 3449 γὰρ
802 3363 922 3428 ΩΓ
971 3375 1047 3429 76
1098 3404 1174 3412 --
1222 3374 1329 3432 καὶ
1374 3377 1572 3432 τοΐτο
1619 3365 1636 3449 ΙΙ
1679 3387 1794 3429 om.
1841 3374 1947 3431 καὶ
1991 3362 2260 3428 ssl'Mut.
2309 3402 2385 3411 -—
2427 3375 2581 3447 χαλ-

639 3468 752 3546 κός
794 3468 813 3552 ss
851 3479 1136 3549 χαλκοῦς
1180 3473 1323 3531 Mut.
1375 3504 1449 3514 -
1501 3476 1873 3550 λογιζοίμην
1913 3469 1930 3550 {l
1978 3475 2356 3549 νομιζοίμην
2399 3472 2454 3529 Α
2499 3501 2573 3511 --

642 3570 800 3653 ῒπὲρ
832 3570 984 3649 τοὺς
1016 3596 1076 3636 π.
1113 3569 1131 3653 ΙΙ
1162 3591 1277 3632 om.
1310 3569 1464 3648 τοὶ-ς
1506 3574 1560 3631 Α
1596 3577 1672 3632 76
1705 3605 1786 3615 —-
1819 3595 2073 3636 πεντακ.
2110 3570 2128 3653 fl
2157 3595 2290 3635 πεν.
2325 3577 2432 3633 καὶ
2463 3567 2576 3651 τὴν

642 3670 873 3737 ἱππάδ’
920 3674 971 3736 Ἡ
1016 3697 1189 3737 πεντ.
1236 3671 1350 3755 τὴν
1399 3668 1642 3737 ἱππάδα
1693 3678 1768 3733 76
1815 3707 1896 3717 -
1941 3687 2236 3753 παρεῖναι
2281 3678 2384 3735 καὶ
2431 3679 2578 3736 τοῦ·

640 3801 757 3839 τον
788 3777 805 3858 ΙΙ
834 3782 939 3839 καὶ
970 3801 1019 3840 τ.
1059 3800 1120 3840 π.
1162 3781 1238 3837 76
1272 3810 1353 3820 —
1387 3778 1725 3855 ἐλέγξοντα
1768 3772 1787 3858 ΙΙ
1831 3777 2169 3854 ἐλέγχοντα
2200 3769 2468 3836 ssl'Mut.
2491 3807 2575 3817 --

644 3875 1026 3960 σμικρότητα
1082 3875 1101 3961 ΙΙ
1154 3875 1505 3960 μικρότητα
1549 3874 1618 3937 Ω
1661 3912 1745 3921 -
1790 3886 1866 3957 τῇ
1911 3880 2191 3959 καθέδρᾳ
2234 3876 2251 3959 Η
2294 3876 2410 3957 τὴν
2467 3900 2574 3939 κα-

639 3984 837 4063 θέδρᾳ
880 3984 933 4041 Α
980 4016 1063 4027 --
1120 3978 1283 4045 άλλὰ
1326 3976 1344 4062 [Ι
1389 3979 1545 4044 ἄλλ’
1603 3974 1777 4043 ΩἳΙΓ
1823 4014 1904 4025 -
1963 3976 2255 4060 κράτιστε
2361 3976 2573 4061 ἄριστε
