2750 4534
411 179 491 235 74
1267 176 1679 242 [ΛΟΥΚΙΑΝΟΥ]

407 373 514 426 τις
573 346 756 434 ε’φθη
807 341 1354 435 διανηξάμενος’
1327 371 1400 424 ες
1443 345 1519 412 τὸ
1569 352 1781 433 πέραν
1826 351 1943 412 τοῦ
1995 349 2340 428 ποταμοῦ,
2393 346 2593 412 ἔνθα

407 446 566 538 ἡμῖν
623 447 697 516 τὸ
746 441 950 537 ήμισυ
1005 452 1125 516 τοῦ
1175 449 1632 531 στρατοπέδου
1691 450 1803 515 καὶ
1858 453 2060 535 μέρος
2113 451 2247 514 τῶν
2292 443 2593 530 ἆμαξιῦν

406 539 518 638 ἦν·
579 545 751 619 ούτω
805 550 931 638 γὰρ
991 549 1457 672 ἐσκηνώσαμεν
1516 550 1703 631 τότε,
1764 544 1881 617 ούκ
1938 547 2093 617 οἶδα
2154 541 2191 616 ό
2250 576 2318 616 τι
2362 550 2594 628 δόξαν

405 667 549 733 τοῖς
605 648 1047 740 ἀρχιπλάνοις
1103 650 1322 741 ἡμῶν,
1385 646 1504 719 ἐπ’
1558 646 1948 739 ἀμφοτέρας
2005 652 2128 729 τὰς
2172 647 2387 733 όχθας
2456 656 2592 717 τοῦ

414 756 764 834 Τανάϊδος.
855 750 1062 832 εὐθὺς
1128 751 1252 821 ουν
1315 754 1360 839 ἥ
1424 779 1497 821 τε
1556 756 1702 822 λεία
1760 754 2243 842 περιηλαύνετο
2307 756 2426 820 καὶ
2497 754 2591 819 τὰ

409 859 797 943 αἰχμάλωτα
855 863 1185 938 συνείχετο
1243 861 1354 924 καὶ
1408 857 1529 935 τὰς
1575 857 1817 945 σκηνὰς
1864 856 2229 946 διήρπαζον
2284 859 2392 922 καὶ
2450 854 2677 933 τὰς548
2730 859 2732 864 ’

408 960 668 1043 ἁμάξας
727 959 1340 1044 κατελαμβάνοντο,
1404 956 1811 1046 αὐτάνδρους
1866 958 1989 1036 τὰς
2034 960 2357 1036 πλείστας
2416 955 2589 1024 ἆλι-

408 1067 748 1147 σκομένας,
794 1065 905 1129 καὶ
951 1055 1022 1128 ἐν
1051 1055 1449 1150 ὀφθαλμοῖς
1492 1058 1681 1150 ἡμῶν
1726 1060 2105 1146 ὑβρίζοντες
2147 1060 2266 1138 τὰς
2294 1062 2587 1127 παλλα-

405 1165 596 1241 κίδας
640 1167 748 1230 καὶ
788 1163 910 1242 τὰς
938 1177 1279 1248 γυναῖκας·
1325 1165 1517 1250 ἡμεῖς
1563 1165 1634 1231 δὲ
1664 1158 2020 1252 ἠνιώμεθα
2064 1167 2158 1249 τῴ
2192 1163 2583 1247 πράγματι.

303 1275 381 1332 40
409 1275 509 1335 40.
557 1262 591 1333 5
629 1267 700 1333 δὲ
722 1261 1088 1355 Ἀμιζώκης
1134 1262 1454 1352 ἀγόμενος
1502 1305 1579 1314 -
1628 1265 1907 1333 ἑαλώκει
1934 1265 2059 1351 γάρ
2105 1303 2187 1314 -
2232 1260 2397 1348 ἐβόα
2452 1265 2584 1334 τὸν

406 1370 606 1454 φίλον
673 1361 998 1452 ὀνομαστὶ
1065 1371 1277 1444 κακῶς
1346 1367 1693 1452 δεδεμένος
1757 1372 1868 1434 καὶ
1899 1363 2381 1491 ὑπεμίμνησκε
2452 1373 2585 1454 τῆς

402 1470 663 1548 κύλικος
706 1473 817 1537 καὶ
864 1474 982 1536 τοῦ
1030 1470 1335 1553 αι’ματος.
1411 1496 1504 1536 ων
1551 1463 1841 1548 ἀκούσας
1886 1465 1921 1536 5
1970 1469 2322 1553 Δάνδαμις
2366 1462 2585 1537 οὐδὲν

409 1572 507 1638 ἐτι
550 1573 885 1660 μελλήσας
943 1568 1263 1638 ἁπάντων
1307 1566 1621 1656 δρώντων
1681 1572 2065 1661 διανήχεται
2109 1569 2178 1649 ἐς
2230 1571 2383 1648 τοὺς
2432 1597 2582 1637 πο-

405 1674 703 1756 λεμίους·
761 1677 872 1740 καὶ
918 1674 985 1740 οἱ
1029 1674 1150 1756 μὲν
1193 1672 1626 1757 Σαυρομάται
1681 1673 2023 1761 διηρμένοι
2078 1697 2234 1749 τους
2278 1697 2583 1752 ακοντας

404 1768 720 1862 ὥρμησαν
783 1768 898 1840 επ>
959 1769 1162 1842 αυτὸν
1219 1799 1312 1853 ως
1357 1775 1981 1864 κατακεντήσοντες,
2042 1770 2077 1840 5
2141 1774 2213 1840 δὲ
2258 1767 2425 1859 ἐβόα
2492 1776 2577 1842 τὸ

404 1885 630 1962 Ζίριν’
693 1880 891 1943 τοῦτο
951 1877 1023 1943 δὲ
1065 1873 1146 1966 ἤν
1190 1901 1294 1954 τις
1340 1878 1533 1964 εἴπῃ,
1596 1871 1815 1944 ούκέτι
1860 1877 2215 1964 φονεύεται
2266 1872 2386 1944 ὑπ’
2446 1874 2583 1946 αὖ·

407 1983 559 2061 τῶν,
607 1973 775 2046 ἀλλὰ
810 1979 1113 2061 δέχονται
1159 1973 1360 2046 αὑτὸν
1407 1975 1498 2057 ὥς
1528 1973 1645 2046 ἐπὶ
1693 1979 1956 2065 λύτροις
1989 1973 2254 2068 ἥκοντα.
2318 1984 2435 2046 καὶ
2490 1983 2577 2071 δὴ

405 2076 730 2163 ἀναχθεὶς
787 2080 961 2166 πρὸς
1005 2080 1122 2148 τὸν
1169 2076 1456 2166 ι’ίρχοντα
1514 2075 1729 2148 αὑτῶν
1776 2078 2022 2166 ἀπῄτει
2065 2082 2182 2148 τὸν
2226 2084 2468 2171 φίλον,
2538 2083 2575 2151 5

410 2185 480 2251 δὲ
528 2183 731 2270 λύτρα
781 2177 962 2270 ᾔτει·
1017 2182 1106 2270 μὴ
1152 2182 1278 2270 γὰρ
1326 2184 1788 2272 προήσεσθαι,
1852 2184 1911 2250 εἰ
1955 2183 2043 2270 μὴ
2089 2184 2345 2270 μεγάλα
2387 2181 2577 2273 ὑπὲρ

411 2281 612 2353 αὑτοῦ
644 2286 841 2371 λάβοι
867 2305 880 2319 ’
929 2281 964 2353 5
997 2286 1348 2368 Δάνδαμις
1381 2287 1474 2366 δέ,
1506 2286 1596 2351 “A
1624 2288 1744 2370 μὲν
1774 2284 1968 2369 εἶχον,
2016 2292 2242 2374 φησίν,
2290 2284 2579 2355 ἅπαντα

409 2387 822 2477 διήρπασται
877 2382 998 2477 ὑφ’
1062 2385 1275 2473 ὑμῶν,
1337 2389 1397 2454 εἰ
1443 2389 1516 2454 δέ
1571 2415 1640 2456 τι
1687 2389 1973 2473 δύναμαι
2029 2387 2272 2475 γυμνὸς
2314 2387 2578 2459 ὑποτε-

408 2494 627 2572 λέσαι,
697 2490 962 2573 ἕτοιμος
1017 2487 1392 2579 ὑποστῆναι
1436 2487 1626 2575 ὑμῖν,
1684 2494 1794 2557 καὶ
1848 2491 2227 2576 πρόσταττε
2283 2484 2321 2558 5'
2365 2518 2433 2557 τι
2488 2485 2576 2561 ἂν

405 2595 641 2682 θέλῃς’
707 2593 766 2660 εἰ
807 2593 1038 2677 βούλει
1083 2593 1185 2673 δέ,
1245 2586 1359 2675 ἐμὲ
1406 2585 1554 2660 άντὶ
1598 2592 1836 2659 τούτου
1884 2592 2105 2678 λαβὼν
2148 2595 2572 2680 κατάχρησαι

406 2696 578 2782 πρὸς
623 2689 660 2762 3
705 2721 773 2762 τι
820 2718 930 2762 σοι
976 2698 1195 2782 φίλον.
1272 2689 1306 2762 5
1357 2695 1429 2760 δὲ
1474 2695 1930 2781 Σαυρομάτης,
1986 2690 2216 2776 Οὐδέν,
2264 2695 2411 2783 ἔφη,
2462 2698 2575 2766 δεῖ

406 2791 559 2864 ὅλον
620 2802 1024 2879 κατέχεσθαί
1076 2819 1151 2863 σε
1202 2801 1314 2864 καὶ
1369 2799 1584 2863 ταῦτα
1628 2803 1822 2883 Ζίριν
1879 2797 2151 2884 ἥκοντα,
2213 2796 2293 2864 σύ
2347 2799 2417 2864 δὲ
2468 2794 2567 2866 ὦν

407 2899 576 2980 ἔχεις
619 2904 820 2984 μέρος
861 2897 1255 2984 καταβαλῶν
1303 2893 1465 2983 ἄγου
1510 2897 1627 2967 τὸν
1672 2901 1893 2986 φίλον.
1968 2895 2161 2988 ἤρετο
2208 2897 2242 2967 5
2288 2900 2567 2966 Δάνδα-
2590 2911 2676 2960 549

403 3027 518 3086 μις
562 2994 600 3066 5'
643 3027 712 3068 τι
756 3003 867 3067 καὶ
910 2999 1226 3084 βούλεται
1270 3002 1529 3086 λαβεῖν’
1574 2997 1611 3068 5
1647 3001 1719 3067 δὲ
1759 3000 1916 3080 τοὺς
1947 2999 2354 3088 ὀφθαλμοὺς
2396 2997 2567 3091 ᾔτη-

407 3127 536 3170 σεν.
613 3100 646 3169 5
706 3104 777 3171 δὲ
838 3098 1073 3170 αὐτίκα
1138 3109 1468 3190 παρέσχεν
1525 3097 1871 3171 ἐκκόπτειν
1932 3097 2200 3182 αὑτούς·
2268 3099 2563 3194 κάπειδὴ

406 3201 790 3286 ἐξεκέκοπτο
836 3211 946 3274 καὶ
976 3201 1100 3296 ἤδη
1147 3206 1230 3272 τὰ
1265 3206 1470 3292 λύτρα
1516 3203 1693 3288 εἶχον
1738 3207 1803 3273 οἱ
1833 3207 2285 3291 Σαυρομάται,
2333 3234 2562 3293 παρα·

406 3308 628 3395 λαβών
684 3308 802 3377 τὸν
839 3303 1206 3396 Ἀμιζώκην
1263 3303 1546 3394 ἐπανῄει
1604 3303 2115 3392 ἐπερειδόμενος
2174 3303 2387 3394 αὐτῷ,
2443 3314 2560 3377 καὶ

300 3416 370 3470 41
408 3410 546 3495 ἅμα
578 3411 1048 3500 διανηξάμενοι
1085 3405 1548 3497 ἀπεσώθησαν
1596 3409 1770 3495 πρὸς
1798 3406 1993 3494 ἡμᾶς.
2070 3417 2171 3476 41.
2218 3415 2417 3476 τοῦτο
2446 3437 2561 3496 γε-

407 3513 680 3597 νόμενον
739 3513 1273 3598 παρεμυθήσατο
1333 3505 1638 3589 άπαντας
1682 3511 1953 3589 Σκύθας
2008 3515 2120 3579 καὶ
2165 3505 2384 3579 οὐκέτι
2438 3509 2561 3601 ἦτ-

399 3620 661 3682 τᾶσθαι
707 3610 1007 3699 ενόμιζον
1053 3611 1338 3699 δρῶντες
1383 3610 1490 3680 ότι
1532 3612 1607 3680 τὸ
1652 3619 1965 3698 μέγιστον
2009 3610 2167 3714 ἡμῖν
2211 3618 2344 3680 τῶν
2393 3608 2561 3698 ἀγα-

400 3722 547 3783 θιῦν
605 3712 719 3784 οὑκ
780 3712 1124 3805 ἀπήγαγον
1185 3717 1250 3782 οἱ
1295 3718 1643 3798 πολέμιοι,
1700 3709 1847 3780 ἀλλ’
1900 3708 2007 3782 ότι
2051 3713 2133 3805 ἠν
2177 3711 2345 3800 παρ’
2399 3713 2564 3806 ἡμῖν

399 3816 437 3907 ἡ
475 3814 698 3906 ἀγαθη
745 3820 966 3907 γνώμη
1011 3821 1125 3885 καὶ
1155 3845 1191 3942 η
1229 3816 1400 3904 πρὸς
1444 3816 1600 3894 τοὺς
1634 3819 1872 3904 φίλους
1916 3824 2170 3896 πίστις.
2243 3821 2356 3885 καὶ
2402 3819 2563 3899 τοὶς

401 3922 838 4007 Σαυρομάτας
884 3921 955 3986 δὲ
992 3919 1072 3987 τὸ
1110 3920 1267 3986 αὐτὸ
1319 3914 1394 3986 ού
1424 3924 1711 4004 μετρίως
1759 3919 2050 4009 εφόβησε
2098 3920 2563 4005 λογιζομένους
