2750 4534
449 246 482 301 1
492 245 524 302 1
535 246 574 303 2
1339 249 1715 305 ΛΟΥΚΙΔΝΟΥ

447 415 876 502 ἀντάρασθαι
941 420 1038 504 τῷ
1101 417 1361 502 Δάμιδι
1432 416 1890 507 δυνησόμενος.
1989 414 2138 487 ἀλλ’
2213 416 2383 509 όπερ
2440 420 2600 514 ἡμῖν

447 517 744 599 δυνατόν,
794 511 1147 604 εὖχωμεθα
1189 516 1378 650 ὑπὲρ(
1408 518 1611 589 αὐτοῦ

680 624 831 709 σιγῇ
877 614 989 709 ἐφ’
1040 617 1311 710 ἡμείων,
1357 624 1470 691 ι’να
1514 622 1602 711 μὴ
1649 628 1876 708 Δᾶμίς
1919 650 1995 710 γε
2038 625 2367 713 πύθηται.

343 734 418 790 85
618 725 718 788 35.
771 728 966 789 TIM.
1017 729 1102 789 Τί
1146 723 1296 811 φής,
1343 710 1399 790 ῶ
1446 725 1747 809 ἱερόσυλε
1780 730 1989 810 Δᾶμι,
2036 728 2241 805 θεοὺς
2283 727 2375 817 μὴ
2426 726 2599 796 εἶναι

443 824 611 913 μηδὲ
653 838 967 909 προνοεῖν
1014 823 1436 914 ἆνθρώπων,·

613 929 859 993 ΔΑΜ.
916 922 1078 994 Οὔκ·
1125 921 1296 995 ἀλλὰ
1329 928 1409 995 σὺ
1440 930 1769 1015 πρότερον
1812 923 2178 1017 ἀπόκριναί
2218 958 2356 1016 μοι,
2404 928 2600 1020 ᾧτινι

447 1027 620 1114 λόγῳ
667 1028 1001 1117 ἐπείσθης
1043 1026 1216 1097 εἶναι
1263 1025 1523 1110 αὐτούς.

622 1136 818 1197 ΤΙΜ.
876 1128 970 1198 Οὔ
1014 1132 1134 1216 μὲν
1179 1120 1312 1215 οὖν,
1361 1132 1533 1200 ἀλλὰ
1580 1135 1679 1214 σύ,
1726 1121 1781 1200 ῶ
1824 1141 2043 1222 μιαρέ,
2090 1130 2474 1222 ἀπόκριναι.

615 1228 1006 1303 ΔΑΜ.οὖ
1048 1235 1168 1319 μὲν
1213 1262 1347 1318 ουν,
1396 1230 1567 1304 ἀλλὰ
1613 1236 1713 1305 σύ.

615 1340 864 1403 ΖΕΥΣ.
938 1340 1148 1404 Ταυτὶ
1203 1339 1322 1422 μὲν
1380 1337 1567 1423 παρὰ
1627 1338 1801 1407 πολυ
1848 1335 1883 1407 ὃ
1945 1336 2263 1428 ἡμέτερος
2322 1367 2599 1425 αμεινον

443 1439 555 1504 καὶ
602 1432 1055 1526 εὐφωνότερον
1099 1439 1511 1524 τραχύνεται.
1586 1427 1657 1507 εὐ
1697 1466 1801 1527 γε,
1850 1426 1906 1506 ῶ
1960 1443 2328 1526 Τιμόκλεις,
2377 1442 2603 1526 ἐπίχει

444 1543 576 1606 τῶν
618 1542 1095 1628 βλασφημιῶν·
1143 1540 1210 1607 ἐν
1252 1540 1381 1627 γὰρ
1416 1542 1631 1629 τούτῳ
1679 1566 1789 1609 σοι
1832 1542 1909 1610 τὸ
1957 1544 2214 1631 κράτος,
2261 1540 2355 1622 ὥς
2396 1546 2480 1612 τά
2527 1573 2603 1632 γε

448 1637 620 1708 ἄλλα
665 1642 862 1725 ἰχθύν
908 1666 983 1710 σε
1028 1637 1376 1732 ἀποφανεῖ
1416 1643 1884 1730 ἐπιστομίζων.

623 1750 818 1811 ΤΙΜ.
870 1739 1099 1827 Ἀλλά,
1143 1744 1239 1829 μὰ
1284 1746 1404 1835 τὴν
1442 1741 1765 1837 Ἀθηνᾶν,
1814 1742 1930 1816 οὗκ
1976 1740 2056 1816 ἂν
2100 1743 2602 1840 ἀποκριναίμην

448 1869 557 1913 σοι
601 1845 946 1931 πρότερος.
2616 1868 2703 1917 684

616 1952 859 2014 ΔΑΜ.
934 1942 1186 2017 Ούκοῦν
1231 1949 1477 2036 ἐρώτα,
1523 1938 1579 2017 ῶ
1630 1953 2012 2036 Τιμόκλεις·
2058 1953 2422 2042 ἐκράτησας
2465 1956 2597 2041 γὰρ

445 2051 642 2119 τοῦτό
680 2076 754 2138 γε
783 2045 1180 2136 ομωμοκώς·
1229 2049 1380 2119 ἀλλ’
1434 2080 1587 2120 ανευ
1616 2058 1749 2121 τῶν
1776 2057 2238 2144 βλασφημιῶν,
2288 2057 2348 2123 εἰ
2393 2057 2598 2125 δοκεῖ.

344 2162 420 2219 86
616 2158 715 2220 36.
764 2159 962 2219 ΤΙΜ
1031 2140 1125 2220 Εὖ
1170 2155 1410 2240 λέγεις·
1472 2154 1623 2222 εἰπὲ
1670 2143 1783 2223 οὖν
1826 2182 1977 2241 μοι,
2024 2183 2099 2224 ου
2146 2158 2416 2225 δοκοῦσι
2464 2182 2597 2241 σοι,
2694 2192 2704 2195 -

448 2240 503 2317 ῶ
546 2254 893 2339 κατάρατε,
943 2269 1255 2339 προνοεῖν
1301 2256 1367 2322 οι
1412 2261 1605 2339 θεοί,

615 2360 860 2423 ΔΑΜ.
917 2350 1261 2441 Ούδαμῶς.

622 2465 819 2526 ΤΙΜ.
872 2465 957 2525 Τί
1001 2460 1166 2549 φής,·
1209 2453 1597 2549 απρονόητα
1639 2446 1753 2528 οὖν
1796 2464 2006 2527 ταῦτα
2050 2453 2355 2544 ἅπαντα,

615 2567 860 2629 ΔΑΜ.
906 2568 1067 2629 Ναί.

622 2672 814 2732 ΤΙΜ.
869 2658 1032 2732 Οὐδ’
1082 2661 1216 2732 ὖπό
1264 2691 1398 2733 τινι
1444 2661 1575 2750 ἄρα
1620 2668 1766 2751 θεῷ
1810 2664 2123 2733 τάττεται
2168 2661 2373 2752 ἡτῶν
2419 2660 2600 2733 ὅλων

446 2766 795 2851 ἐπιμέλεια
810 2797 831 2849 ,-

613 2874 856 2935 ΔΛΜ.
915 2863 1030 2935 Οὔ.

623 2977 817 3038 ΤΙΜ.
863 2970 1103 3036 Πάντα
1149 2971 1221 3037 δὲ
1267 2970 1407 3057 εἰκῆ
1452 2976 1728 3059 φέρεται
1773 2967 2016 3057 [ἀλόγῳ
2064 2970 2301 3059 φορᾷ],·

613 3076 860 3140 ΔΑΜ.
907 3079 1066 3139 Ναί.
1155 3127 1160 3131 .

622 3182 815 3241 ΤΙΜ.
865 3168 1014 3242 Εἶτ’
1068 3171 1433 3257 ἄνθρωποι
1467 3182 1677 3241 ταῦτα
1724 3168 2069 3253 ἀκούοντες
2114 3170 2437 3259 ἀνέχεσθε
2479 3182 2593 3244 καὶ

447 3271 521 3345 οὗ
567 3277 1006 3345 καταλεύσετε
1048 3277 1164 3345 τὸν
1208 3272 1587 3366 ἂλιτήριον,·
2570 3369 2595 3379 ,

614 3384 858 3447 ΔΑΜ.
931 3386 1016 3447 Τί
1055 3379 1210 3458 τοὺς
1266 3373 1677 3465 ἀνθρώπους
1734 3373 1848 3446 ἐπ’
1902 3378 2015 3463 ἐμὲ
2061 3374 2487 3467 παροξύνεις,
2538 3380 2591 3445 εὖ

453 3484 838 3568 Τιμόκλεις,
900 3472 943 3571 ἢ
1005 3488 1111 3559 τίς
1176 3473 1268 3548 ῶν
1339 3476 1727 3569 ἀγανακτεῖς
1779 3477 1950 3568 ὑπὲρ
2006 3484 2140 3548 τῶν
2195 3486 2410 3565 θεῶν,
2478 3490 2593 3551 καὶ

442 3589 653 3652 ταῦτα
719 3584 983 3652 ἐκείνων
1052 3577 1268 3651 αὐτῶν
1324 3578 1440 3651 οὖκ
1502 3580 2077 3669 ἀγανακτούντων,
2139 3583 2210 3649 οἵ
2268 3608 2342 3669 γε
2400 3579 2592 3652 οὐδὲν

447 3687 663 3757 δεινὸν
710 3688 1174 3754 διατεθείκασί
1201 3712 1286 3770 με
1313 3685 1535 3753 πάλαι
1581 3682 1947 3771 ἀκούοντες,
1995 3686 2060 3751 εἴ
2097 3709 2170 3770 γε
2216 3679 2590 3755 ἀκούουσιν.

621 3795 816 3855 ΤΙΜ.
862 3788 1207 3855 Ἀκούουσι
1229 3788 1372 3874 γάρ,
1406 3773 1462 3852 ῶ
1484 3793 1692 3871 Δᾶμι,
1726 3780 2059 3867 ἀκούουσι,
2083 3793 2197 3854 καί
2220 3810 2295 3853 σε
2314 3795 2593 3871 μετίασί

445 3916 614 3958 ποτε
654 3890 864 3978 χρόνῳ
909 3884 1201 3977 ὕστερον.

340 4001 408 4057 37
617 4000 718 4061 37.
763 3998 1006 4061 ΔΑΜ.
1071 3996 1206 4059 Καὶ
1259 3991 1429 4059 πότε
1492 3981 1571 4057 ἂν
1618 3988 1855 4058 ἐκεῖνοι
1900 3989 2139 4079 σχολὴν
2194 3991 2415 4077 ἄγοιεν
2463 3989 2587 4059 ἐπ’
