<?xml version="1.0" encoding="UTF-8"?>
<!DOCTYPE html PUBLIC "-//W3C//DTD XHTML 1.0 Transitional//EN"
    "http://www.w3.org/TR/xhtml1/DTD/xhtml1-transitional.dtd">
<html xmlns="http://www.w3.org/1999/xhtml" xml:lang="en" lang="en">
 <head>
  <title>
</title>
<meta http-equiv="Content-Type" content="text/html;charset=utf-8" />
  <meta name='ocr-system' content='tesseract 3.04.00' />
  <meta name='ocr-capabilities' content='ocr_page ocr_carea ocr_par ocr_line ocrx_word'/>
</head>
<body>
  <div class='ocr_page' id='page_1' title='image "./lucianus01sommgoog/lucianus01sommgoog_0116.png"; bbox 0 0 2750 4534; ppageno 0'>
   <div class='ocr_carea' id='block_1_1' title="bbox 392 257 1660 317">
    <p class='ocr_par' dir='ltr' id='par_1_1' title="bbox 392 257 1660 317">
     <span class='ocr_line' id='line_1_1' title="bbox 392 257 1660 317; baseline -0.006 0"><span class='ocrx_word' id='word_1_1' title='bbox 392 260 514 317; x_wconf 89' lang='grc'><strong><em>100</em></strong></span> <span class='ocrx_word' id='word_1_2' title='bbox 1287 257 1660 313; x_wconf 77' lang='grc' dir='ltr'><strong>ΔΟΥΚΙΔΝΟΥ</strong></span> 
     </span>
    </p>
   </div>
   <div class='ocr_carea' id='block_1_2' title="bbox 285 416 2657 4086">
    <p class='ocr_par' dir='ltr' id='par_1_2' title="bbox 287 416 2657 1127">
     <span class='ocr_line' id='line_1_2' title="bbox 287 416 2551 515; baseline -0.003 -15"><span class='ocrx_word' id='word_1_3' title='bbox 287 447 357 500; x_wconf 94' lang='grc'><strong><em>11</em></strong></span> <span class='ocrx_word' id='word_1_4' title='bbox 571 437 666 495; x_wconf 88' lang='grc'><strong><em>11.</em></strong></span> <span class='ocrx_word' id='word_1_5' title='bbox 713 431 1239 497; x_wconf 84' lang='grc' dir='ltr'><strong><em>ΚΟΛΟΣΣΟΣ.</em></strong></span> <span class='ocrx_word' id='word_1_6' title='bbox 1278 421 1463 511; x_wconf 84' lang='grc' dir='ltr'><strong><em>Ἐμοὶ</em></strong></span> <span class='ocrx_word' id='word_1_7' title='bbox 1510 427 1583 495; x_wconf 84' lang='grc' dir='ltr'><strong><em>δὲ</em></strong></span> <span class='ocrx_word' id='word_1_8' title='bbox 1627 433 1729 505; x_wconf 91' lang='grc' dir='ltr'><strong><em>τίς</em></strong></span> <span class='ocrx_word' id='word_1_9' title='bbox 1762 416 1842 493; x_wconf 71' lang='grc' dir='ltr'><strong><em>ἃν</em></strong></span> <span class='ocrx_word' id='word_1_10' title='bbox 1889 425 2110 512; x_wconf 76' lang='grc' dir='ltr'><strong><em>ἐρίσαι</em></strong></span> <span class='ocrx_word' id='word_1_11' title='bbox 2152 421 2551 515; x_wconf 77' lang='grc' dir='ltr'><strong><em>τολμήσειεν</em></strong></span> 
     </span>
     <span class='ocr_line' id='line_1_3' title="bbox 382 525 2549 618; baseline 0 -21"><span class='ocrx_word' id='word_1_12' title='bbox 382 528 586 617; x_wconf 86' lang='grc' dir='ltr'><strong><em>Ἡλίῳ</em></strong></span> <span class='ocrx_word' id='word_1_13' title='bbox 613 556 688 597; x_wconf 91' lang='grc' dir='ltr'><strong><em>τε</em></strong></span> <span class='ocrx_word' id='word_1_14' title='bbox 718 525 863 598; x_wconf 72' lang='grc' dir='ltr'><strong><em>ὄντι</em></strong></span> <span class='ocrx_word' id='word_1_15' title='bbox 893 532 1004 597; x_wconf 88' lang='grc' dir='ltr'><strong><em>καὶ</em></strong></span> <span class='ocrx_word' id='word_1_16' title='bbox 1033 529 1399 618; x_wconf 81' lang='grc' dir='ltr'><strong><em>τηλικούτῳ</em></strong></span> <span class='ocrx_word' id='word_1_17' title='bbox 1430 528 1505 595; x_wconf 88' lang='grc' dir='ltr'><strong><em>τὸ</em></strong></span> <span class='ocrx_word' id='word_1_18' title='bbox 1538 534 1865 615; x_wconf 79' lang='grc' dir='ltr'><strong><em>μέγεθος,·</em></strong></span> <span class='ocrx_word' id='word_1_19' title='bbox 1910 528 1970 595; x_wconf 80' lang='grc' dir='ltr'><strong><em>εἰ</em></strong></span> <span class='ocrx_word' id='word_1_20' title='bbox 1998 532 2154 613; x_wconf 78' lang='grc' dir='ltr'><strong><em>γοῦν</em></strong></span> <span class='ocrx_word' id='word_1_21' title='bbox 2196 528 2285 616; x_wconf 84' lang='grc' dir='ltr'><strong><em>μὴ</em></strong></span> <span class='ocrx_word' id='word_1_22' title='bbox 2334 525 2549 614; x_wconf 80' lang='grc' dir='ltr'><strong><em>ὕπερ-</em></strong></span> 
     </span>
     <span class='ocr_line' id='line_1_4' title="bbox 389 624 2550 721; baseline -0.001 -21"><span class='ocrx_word' id='word_1_23' title='bbox 389 637 528 721; x_wconf 83' lang='grc' dir='ltr'><strong><em>φυᾶ</em></strong></span> <span class='ocrx_word' id='word_1_24' title='bbox 599 626 760 721; x_wconf 79' lang='grc' dir='ltr'><strong><em>μηδ’</em></strong></span> <span class='ocrx_word' id='word_1_25' title='bbox 841 629 1255 719; x_wconf 73' lang='grc' dir='ltr'><strong><em>ὑπέρμετρον</em></strong></span> <span class='ocrx_word' id='word_1_26' title='bbox 1322 632 1389 698; x_wconf 82' lang='grc' dir='ltr'><strong><em>οἱ</em></strong></span> <span class='ocrx_word' id='word_1_27' title='bbox 1448 627 1691 700; x_wconf 85' lang='grc' dir='ltr'><strong><em>Ῥόδιοι</em></strong></span> <span class='ocrx_word' id='word_1_28' title='bbox 1755 624 2397 698; x_wconf 82' lang='grc' dir='ltr'><strong><em>κατασκευάσασθαί</em></strong></span> <span class='ocrx_word' id='word_1_29' title='bbox 2460 658 2550 714; x_wconf 84' lang='grc' dir='ltr'><strong><em>με</em></strong></span> 
     </span>
     <span class='ocr_line' id='line_1_5' title="bbox 388 728 2549 823; baseline -0.002 -19"><span class='ocrx_word' id='word_1_30' title='bbox 388 730 713 823; x_wconf 72' lang='grc' dir='ltr'><strong><em>ἠξίωσαν,</em></strong></span> <span class='ocrx_word' id='word_1_31' title='bbox 783 728 921 801; x_wconf 84' lang='grc' dir='ltr'><strong><em>ἀπὸ</em></strong></span> <span class='ocrx_word' id='word_1_32' title='bbox 988 738 1108 801; x_wconf 90' lang='grc' dir='ltr'><strong><em>τοῦ</em></strong></span> <span class='ocrx_word' id='word_1_33' title='bbox 1172 734 1324 801; x_wconf 83' lang='grc' dir='ltr'><strong><em>ἰ’σου</em></strong></span> <span class='ocrx_word' id='word_1_34' title='bbox 1394 735 1799 819; x_wconf 84' lang='grc' dir='ltr'><strong><em>τελέσματος</em></strong></span> <span class='ocrx_word' id='word_1_35' title='bbox 1866 732 2207 800; x_wconf 78' lang='grc' dir='ltr'><em>ἑκκαίδεκα</em></span> <span class='ocrx_word' id='word_1_36' title='bbox 2259 738 2549 820; x_wconf 81' lang='grc' dir='ltr'><strong><em>χρυσοῦς</em></strong></span> 
     </span>
     <span class='ocr_line' id='line_1_6' title="bbox 387 826 2547 926; baseline -0.001 -22"><span class='ocrx_word' id='word_1_37' title='bbox 387 837 594 917; x_wconf 80' lang='grc' dir='ltr'><strong><em>θεοὺς</em></strong></span> <span class='ocrx_word' id='word_1_38' title='bbox 649 836 1058 926; x_wconf 72' lang='grc' dir='ltr'><strong><em>ἐπεποίηντο</em></strong></span> <span class='ocrx_word' id='word_1_39' title='bbox 1111 832 1224 903; x_wconf 74' lang='grc' dir='ltr'><strong><em>ἄν·</em></strong></span> <span class='ocrx_word' id='word_1_40' title='bbox 1269 830 1443 903; x_wconf 78' lang='grc' dir='ltr'><strong><em>ὥστε</em></strong></span> <span class='ocrx_word' id='word_1_41' title='bbox 1486 830 1811 921; x_wconf 79' lang='grc' dir='ltr'><strong><em>ἀνάλογον</em></strong></span> <span class='ocrx_word' id='word_1_42' title='bbox 1856 836 2417 920; x_wconf 82' lang='grc' dir='ltr'><strong><em>πολυτελέστερος</em></strong></span> <span class='ocrx_word' id='word_1_43' title='bbox 2462 826 2547 901; x_wconf 76' lang='grc' dir='ltr'><strong><em>ἀν</em></strong></span> 
     </span>
     <span class='ocr_line' id='line_1_7' title="bbox 390 934 2657 1027; baseline -0.003 -19"><span class='ocrx_word' id='word_1_44' title='bbox 390 940 799 1027; x_wconf 74' lang='grc' dir='ltr'><strong><em>νομιζοίμην.</em></strong></span> <span class='ocrx_word' id='word_1_45' title='bbox 888 941 996 1005; x_wconf 82' lang='grc' dir='ltr'><strong><em>καὶ</em></strong></span> <span class='ocrx_word' id='word_1_46' title='bbox 1055 937 1421 1025; x_wconf 86' lang='grc' dir='ltr'><strong><em>πρόσεστιν</em></strong></span> <span class='ocrx_word' id='word_1_47' title='bbox 1469 934 1511 1027; x_wconf 81' lang='grc' dir='ltr'>ἡ</span> <span class='ocrx_word' id='word_1_48' title='bbox 1555 943 1744 1026; x_wconf 87' lang='grc' dir='ltr'><strong><em>τέχνη</em></strong></span> <span class='ocrx_word' id='word_1_49' title='bbox 1790 941 1901 1006; x_wconf 88' lang='grc' dir='ltr'><strong><em>καὶ</em></strong></span> <span class='ocrx_word' id='word_1_50' title='bbox 1946 942 2061 1023; x_wconf 82' lang='grc' dir='ltr'><strong><em>τῆς</em></strong></span> <span class='ocrx_word' id='word_1_51' title='bbox 2106 936 2419 1024; x_wconf 75' lang='grc' dir='ltr'><strong><em>ἐργασίας</em></strong></span> <span class='ocrx_word' id='word_1_52' title='bbox 2458 938 2541 1005; x_wconf 88' lang='grc' dir='ltr'><strong><em>τὸ</em></strong></span> <span class='ocrx_word' id='word_1_53' title='bbox 2564 954 2657 1002; x_wconf 77' lang='grc'><strong><em>654</em></strong></span> 
     </span>
     <span class='ocr_line' id='line_1_8' title="bbox 392 1036 1455 1127; baseline -0.003 -19"><span class='ocrx_word' id='word_1_54' title='bbox 392 1036 658 1127; x_wconf 83' lang='grc' dir='ltr'><strong><em>ἀκριβὲς</em></strong></span> <span class='ocrx_word' id='word_1_55' title='bbox 705 1040 772 1107; x_wconf 77' lang='grc' dir='ltr'><strong><em>ἐν</em></strong></span> <span class='ocrx_word' id='word_1_56' title='bbox 815 1044 1091 1126; x_wconf 78' lang='grc' dir='ltr'><strong><em>μεγέθει</em></strong></span> <span class='ocrx_word' id='word_1_57' title='bbox 1135 1039 1455 1125; x_wconf 86' lang='grc' dir='ltr'><strong><em>τοσούτῳ.</em></strong></span> 
     </span>
    </p>

    <p class='ocr_par' dir='ltr' id='par_1_3' title="bbox 387 1128 2552 1536">
     <span class='ocr_line' id='line_1_9' title="bbox 564 1128 2548 1231; baseline -0.001 -23"><span class='ocrx_word' id='word_1_58' title='bbox 564 1148 772 1209; x_wconf 88' lang='grc' dir='ltr'><strong><em>ΕΡΜ.</em></strong></span> <span class='ocrx_word' id='word_1_59' title='bbox 827 1148 941 1221; x_wconf 90' lang='grc' dir='ltr'><strong><em>Τί,</em></strong></span> <span class='ocrx_word' id='word_1_60' title='bbox 1000 1128 1054 1207; x_wconf 73' lang='grc' dir='ltr'><em>ὦ</em></span> <span class='ocrx_word' id='word_1_61' title='bbox 1099 1146 1260 1223; x_wconf 89' lang='grc' dir='ltr'><strong><em>Ζεῦ,</em></strong></span> <span class='ocrx_word' id='word_1_62' title='bbox 1309 1142 1433 1231; x_wconf 87' lang='grc' dir='ltr'><strong><em>χρὴ</em></strong></span> <span class='ocrx_word' id='word_1_63' title='bbox 1482 1156 1743 1224; x_wconf 85' lang='grc' dir='ltr'><strong><em>ποιεῖν,·</em></strong></span> <span class='ocrx_word' id='word_1_64' title='bbox 1800 1141 2148 1226; x_wconf 80' lang='grc' dir='ltr'><strong><em>δύσκριτον</em></strong></span> <span class='ocrx_word' id='word_1_65' title='bbox 2193 1140 2342 1224; x_wconf 76' lang='grc' dir='ltr'><strong><em>ἐμοὶ</em></strong></span> <span class='ocrx_word' id='word_1_66' title='bbox 2384 1146 2548 1228; x_wconf 77' lang='grc' dir='ltr'><strong><em>γοῦν</em></strong></span> 
     </span>
     <span class='ocr_line' id='line_1_10' title="bbox 389 1236 2552 1333; baseline -0.001 -20"><span class='ocrx_word' id='word_1_67' title='bbox 389 1250 501 1314; x_wconf 88' lang='grc' dir='ltr'><strong><em>καὶ</em></strong></span> <span class='ocrx_word' id='word_1_68' title='bbox 536 1250 731 1313; x_wconf 88' lang='grc' dir='ltr'><strong><em>τοῦτο</em></strong></span> <span class='ocrx_word' id='word_1_69' title='bbox 757 1264 772 1278; x_wconf 90' lang='grc'><em>·</em></span> <span class='ocrx_word' id='word_1_70' title='bbox 821 1244 882 1311; x_wconf 84' lang='grc' dir='ltr'><strong><em>εἰ</em></strong></span> <span class='ocrx_word' id='word_1_71' title='bbox 925 1245 1045 1330; x_wconf 80' lang='grc' dir='ltr'><strong><em>μὲν</em></strong></span> <span class='ocrx_word' id='word_1_72' title='bbox 1087 1243 1213 1331; x_wconf 78' lang='grc' dir='ltr'><strong><em>γὰρ</em></strong></span> <span class='ocrx_word' id='word_1_73' title='bbox 1257 1242 1326 1323; x_wconf 75' lang='grc' dir='ltr'><strong><em>ές</em></strong></span> <span class='ocrx_word' id='word_1_74' title='bbox 1369 1243 1486 1333; x_wconf 84' lang='grc' dir='ltr'><strong><em>τὴν</em></strong></span> <span class='ocrx_word' id='word_1_75' title='bbox 1530 1236 1690 1333; x_wconf 75' lang='grc' dir='ltr'><strong><em>ῧλην</em></strong></span> <span class='ocrx_word' id='word_1_76' title='bbox 1735 1237 2221 1328; x_wconf 88' lang='grc' dir='ltr'><strong><em>ἀποβλέποιμι,</em></strong></span> <span class='ocrx_word' id='word_1_77' title='bbox 2260 1247 2552 1327; x_wconf 85' lang='grc' dir='ltr'><strong><em>χαλκοῦς</em></strong></span> 
     </span>
     <span class='ocr_line' id='line_1_11' title="bbox 391 1340 2547 1434; baseline -0.001 -19"><span class='ocrx_word' id='word_1_78' title='bbox 391 1348 602 1428; x_wconf 73' lang='grc' dir='ltr'><strong><em>ἐστιν,</em></strong></span> <span class='ocrx_word' id='word_1_79' title='bbox 662 1345 724 1413; x_wconf 81' lang='grc' dir='ltr'><strong><em>εἰ</em></strong></span> <span class='ocrx_word' id='word_1_80' title='bbox 769 1346 840 1414; x_wconf 82' lang='grc' dir='ltr'><strong><em>δὲ</em></strong></span> <span class='ocrx_word' id='word_1_81' title='bbox 887 1346 1266 1434; x_wconf 79' lang='grc' dir='ltr'><strong><em>λογιζοίμην</em></strong></span> <span class='ocrx_word' id='word_1_82' title='bbox 1311 1340 1439 1434; x_wconf 76' lang='grc' dir='ltr'><strong><em>ἀφ’</em></strong></span> <span class='ocrx_word' id='word_1_83' title='bbox 1492 1342 1768 1414; x_wconf 78' lang='grc' dir='ltr'><strong><em>ὁπόσων</em></strong></span> <span class='ocrx_word' id='word_1_84' title='bbox 1811 1345 2155 1414; x_wconf 82' lang='grc' dir='ltr'><strong><em>ταλάντων</em></strong></span> <span class='ocrx_word' id='word_1_85' title='bbox 2198 1346 2547 1429; x_wconf 88' lang='grc' dir='ltr'><strong><em>κεχάλκευ-</em></strong></span> 
     </span>
     <span class='ocr_line' id='line_1_12' title="bbox 387 1437 2043 1536; baseline -0.001 -21"><span class='ocrx_word' id='word_1_86' title='bbox 387 1476 519 1531; x_wconf 88' lang='grc' dir='ltr'><strong><em>ται,</em></strong></span> <span class='ocrx_word' id='word_1_87' title='bbox 564 1443 737 1534; x_wconf 76' lang='grc' dir='ltr'><strong><em>ὑπὲρ</em></strong></span> <span class='ocrx_word' id='word_1_88' title='bbox 779 1446 936 1527; x_wconf 79' lang='grc' dir='ltr'><strong><em>τοὺς</em></strong></span> <span class='ocrx_word' id='word_1_89' title='bbox 981 1447 1743 1531; x_wconf 78' lang='grc' dir='ltr'><strong><em>πεντακοσιομεδίμνους</em></strong></span> <span class='ocrx_word' id='word_1_90' title='bbox 1789 1437 1869 1513; x_wconf 73' lang='grc' dir='ltr'><strong><em>ἃν</em></strong></span> <span class='ocrx_word' id='word_1_91' title='bbox 1918 1448 2043 1536; x_wconf 73' lang='grc' dir='ltr'><strong><em>εἴη.</em></strong></span> 
     </span>
    </p>

    <p class='ocr_par' dir='ltr' id='par_1_4' title="bbox 386 1549 2550 2251">
     <span class='ocr_line' id='line_1_13' title="bbox 558 1549 2550 1637; baseline 0.001 -20"><span class='ocrx_word' id='word_1_92' title='bbox 558 1556 809 1617; x_wconf 81' lang='grc' dir='ltr'><strong><em>ΖΕΥΣ.</em></strong></span> <span class='ocrx_word' id='word_1_93' title='bbox 883 1556 969 1618; x_wconf 94' lang='grc' dir='ltr'><strong><em>Τί</em></strong></span> <span class='ocrx_word' id='word_1_94' title='bbox 1021 1549 1150 1637; x_wconf 77' lang='grc' dir='ltr'><strong><em>γὰρ</em></strong></span> <span class='ocrx_word' id='word_1_95' title='bbox 1209 1549 1344 1617; x_wconf 86' lang='grc' dir='ltr'><strong><em>έδει</em></strong></span> <span class='ocrx_word' id='word_1_96' title='bbox 1400 1563 1717 1633; x_wconf 91' lang='grc' dir='ltr'><strong><em>παρεῖναι</em></strong></span> <span class='ocrx_word' id='word_1_97' title='bbox 1759 1553 1871 1617; x_wconf 86' lang='grc' dir='ltr'><strong><em>καὶ</em></strong></span> <span class='ocrx_word' id='word_1_98' title='bbox 1915 1552 2152 1617; x_wconf 89' lang='grc' dir='ltr'><strong><em>τοῦτον</em></strong></span> <span class='ocrx_word' id='word_1_99' title='bbox 2198 1549 2550 1636; x_wconf 75' lang='grc' dir='ltr'><strong><em>ἐλέγξοντα</em></strong></span> 
     </span>
     <span class='ocr_line' id='line_1_14' title="bbox 387 1648 2550 1741; baseline 0 -23"><span class='ocrx_word' id='word_1_100' title='bbox 387 1652 506 1741; x_wconf 84' lang='grc' dir='ltr'><strong><em>τὴν</em></strong></span> <span class='ocrx_word' id='word_1_101' title='bbox 541 1657 672 1720; x_wconf 85' lang='grc' dir='ltr'><strong><em>τῶν</em></strong></span> <span class='ocrx_word' id='word_1_102' title='bbox 722 1648 941 1718; x_wconf 89' lang='grc' dir='ltr'><strong><em>αλλων</em></strong></span> <span class='ocrx_word' id='word_1_103' title='bbox 987 1650 1394 1739; x_wconf 89' lang='grc' dir='ltr'><strong><em>σμικρότητα</em></strong></span> <span class='ocrx_word' id='word_1_104' title='bbox 1438 1652 1549 1717; x_wconf 87' lang='grc' dir='ltr'><strong><em>καὶ</em></strong></span> <span class='ocrx_word' id='word_1_105' title='bbox 1596 1650 2033 1739; x_wconf 77' lang='grc' dir='ltr'><strong><em>ἐνοχλήσοντα</em></strong></span> <span class='ocrx_word' id='word_1_106' title='bbox 2075 1654 2159 1739; x_wconf 84' lang='grc' dir='ltr'><strong><em>τῇ</em></strong></span> <span class='ocrx_word' id='word_1_107' title='bbox 2202 1653 2550 1741; x_wconf 76' lang='grc' dir='ltr'><strong><em>καθέδρᾳ,·</em></strong></span> 
     </span>
     <span class='ocr_line' id='line_1_15' title="bbox 389 1746 2549 1843; baseline 0 -23"><span class='ocrx_word' id='word_1_108' title='bbox 389 1754 563 1843; x_wconf 84' lang='grc' dir='ltr'><strong><em>πλὴν</em></strong></span> <span class='ocrx_word' id='word_1_109' title='bbox 607 1749 798 1834; x_wconf 84' lang='grc' dir='ltr'><strong><em>ἀλλά,</em></strong></span> <span class='ocrx_word' id='word_1_110' title='bbox 846 1778 898 1817; x_wconf 90' lang='grc' dir='ltr'><strong><em>ω</em></strong></span> <span class='ocrx_word' id='word_1_111' title='bbox 937 1748 1204 1820; x_wconf 82' lang='grc' dir='ltr'><strong><em>Ῥοδίων</em></strong></span> <span class='ocrx_word' id='word_1_112' title='bbox 1248 1752 1575 1838; x_wconf 81' lang='grc' dir='ltr'><strong><em>κράτιστε,</em></strong></span> <span class='ocrx_word' id='word_1_113' title='bbox 1623 1752 1684 1819; x_wconf 87' lang='grc' dir='ltr'><strong><em>εἰ</em></strong></span> <span class='ocrx_word' id='word_1_114' title='bbox 1725 1746 1909 1819; x_wconf 49' lang='grc' dir='ltr'><strong><em>καὶ(</em></strong></span> <span class='ocrx_word' id='word_1_115' title='bbox 1883 1748 1991 1820; x_wconf 90' lang='grc' dir='ltr'><strong><em>ότι</em></strong></span> <span class='ocrx_word' id='word_1_116' title='bbox 2033 1754 2326 1835; x_wconf 88' lang='grc' dir='ltr'><strong><em>μάλιστα</em></strong></span> <span class='ocrx_word' id='word_1_117' title='bbox 2371 1781 2549 1839; x_wconf 92' lang='grc' dir='ltr'><strong><em>προ-</em></strong></span> 
     </span>
     <span class='ocr_line' id='line_1_16' title="bbox 386 1852 2545 1946; baseline 0.001 -24"><span class='ocrx_word' id='word_1_118' title='bbox 386 1862 698 1945; x_wconf 87' lang='grc' dir='ltr'><strong><em>τιμητέος</em></strong></span> <span class='ocrx_word' id='word_1_119' title='bbox 743 1852 801 1921; x_wconf 81' lang='grc' dir='ltr'><strong><em>εἶ</em></strong></span> <span class='ocrx_word' id='word_1_120' title='bbox 844 1858 976 1921; x_wconf 82' lang='grc' dir='ltr'><strong><em>τῶν</em></strong></span> <span class='ocrx_word' id='word_1_121' title='bbox 1015 1876 1307 1939; x_wconf 87' lang='grc' dir='ltr'><strong><em>χρυσων,</em></strong></span> <span class='ocrx_word' id='word_1_122' title='bbox 1367 1857 1510 1933; x_wconf 84' lang='grc' dir='ltr'><strong><em>πῶς</em></strong></span> <span class='ocrx_word' id='word_1_123' title='bbox 1555 1881 1635 1921; x_wconf 90' lang='grc' dir='ltr'><strong><em>αν</em></strong></span> <span class='ocrx_word' id='word_1_124' title='bbox 1677 1857 1791 1921; x_wconf 89' lang='grc' dir='ltr'><strong><em>καὶ</em></strong></span> <span class='ocrx_word' id='word_1_125' title='bbox 1834 1855 2297 1942; x_wconf 84' lang='grc' dir='ltr'><strong><em>προεδρεύοις,</em></strong></span> <span class='ocrx_word' id='word_1_126' title='bbox 2346 1856 2409 1924; x_wconf 79' lang='grc' dir='ltr'><strong><em>εἰ</em></strong></span> <span class='ocrx_word' id='word_1_127' title='bbox 2450 1857 2545 1946; x_wconf 86' lang='grc' dir='ltr'><strong><em>μὴ</em></strong></span> 
     </span>
     <span class='ocr_line' id='line_1_17' title="bbox 390 1949 2549 2047; baseline 0 -23"><span class='ocrx_word' id='word_1_128' title='bbox 390 1958 612 2047; x_wconf 85' lang='grc' dir='ltr'><strong><em>δεήσει</em></strong></span> <span class='ocrx_word' id='word_1_129' title='bbox 657 1952 1023 2045; x_wconf 73' lang='grc' dir='ltr'><strong><em>ἀναστῆναι</em></strong></span> <span class='ocrx_word' id='word_1_130' title='bbox 1069 1949 1392 2038; x_wconf 78' lang='grc' dir='ltr'><strong><em>ἅπαντας,</em></strong></span> <span class='ocrx_word' id='word_1_131' title='bbox 1439 1953 1531 2035; x_wconf 81' lang='grc' dir='ltr'><strong><em>ὥς</em></strong></span> <span class='ocrx_word' id='word_1_132' title='bbox 1568 1950 1772 2040; x_wconf 85' lang='grc' dir='ltr'><strong><em>μόνος</em></strong></span> <span class='ocrx_word' id='word_1_133' title='bbox 1816 1957 2129 2038; x_wconf 75' lang='grc' dir='ltr'><strong><em>καθέζοιο</em></strong></span> <span class='ocrx_word' id='word_1_134' title='bbox 2160 1958 2279 2044; x_wconf 86' lang='grc' dir='ltr'><strong><em>τὴν</em></strong></span> <span class='ocrx_word' id='word_1_135' title='bbox 2309 1960 2549 2026; x_wconf 88' lang='grc' dir='ltr'><strong><em>Πνύκα</em></strong></span> 
     </span>
     <span class='ocr_line' id='line_1_18' title="bbox 388 2051 2548 2151; baseline 0.001 -25"><span class='ocrx_word' id='word_1_136' title='bbox 388 2055 546 2148; x_wconf 76' lang='grc' dir='ltr'><strong><em>ὅλην</em></strong></span> <span class='ocrx_word' id='word_1_137' title='bbox 590 2064 854 2147; x_wconf 79' lang='grc' dir='ltr'><strong><em>θατέρᾳ</em></strong></span> <span class='ocrx_word' id='word_1_138' title='bbox 907 2062 1039 2126; x_wconf 86' lang='grc' dir='ltr'><strong><em>τῶν</em></strong></span> <span class='ocrx_word' id='word_1_139' title='bbox 1083 2062 1313 2144; x_wconf 78' lang='grc' dir='ltr'><strong><em>πυγῶν</em></strong></span> <span class='ocrx_word' id='word_1_140' title='bbox 1358 2057 1735 2142; x_wconf 73' lang='grc' dir='ltr'><strong><em>ἐπιλαβωνς</em></strong></span> <span class='ocrx_word' id='word_1_141' title='bbox 1790 2051 1963 2125; x_wconf 71' lang='grc' dir='ltr'><strong><em>ὥστε</em></strong></span> <span class='ocrx_word' id='word_1_142' title='bbox 2022 2055 2294 2144; x_wconf 76' lang='grc' dir='ltr'><strong><em>ἄμεινον</em></strong></span> <span class='ocrx_word' id='word_1_143' title='bbox 2339 2062 2548 2151; x_wconf 81' lang='grc' dir='ltr'><strong><em>ποιή-</em></strong></span> 
     </span>
     <span class='ocr_line' id='line_1_19' title="bbox 390 2157 2544 2251; baseline 0.001 -22"><span class='ocrx_word' id='word_1_144' title='bbox 390 2188 528 2241; x_wconf 91' lang='grc' dir='ltr'><strong><em>σεις</em></strong></span> <span class='ocrx_word' id='word_1_145' title='bbox 585 2157 1012 2249; x_wconf 76' lang='grc' dir='ltr'><strong><em>ὀρθοστάδην</em></strong></span> <span class='ocrx_word' id='word_1_146' title='bbox 1058 2159 1531 2250; x_wconf 77' lang='grc' dir='ltr'><strong><em>ἐκκλησιάζων,</em></strong></span> <span class='ocrx_word' id='word_1_147' title='bbox 1584 2159 2001 2250; x_wconf 76' lang='grc' dir='ltr'><strong><em>ἐπικεκυφὼς</em></strong></span> <span class='ocrx_word' id='word_1_148' title='bbox 2055 2166 2152 2249; x_wconf 75' lang='grc' dir='ltr'><strong><em>τῷ</em></strong></span> <span class='ocrx_word' id='word_1_149' title='bbox 2197 2164 2544 2251; x_wconf 72' lang='grc' dir='ltr'><strong><em>συνεδρίῳ.</em></strong></span> 
     </span>
    </p>

    <p class='ocr_par' dir='ltr' id='par_1_5' title="bbox 286 2256 2651 2861">
     <span class='ocr_line' id='line_1_20' title="bbox 286 2256 2651 2333; baseline -0.002 -1"><span class='ocrx_word' id='word_1_150' title='bbox 286 2277 359 2332; x_wconf 78' lang='lat'><strong><em>12</em></strong></span> <span class='ocrx_word' id='word_1_151' title='bbox 570 2270 668 2331; x_wconf 84' lang='lat'><strong><em>12.</em></strong></span> <span class='ocrx_word' id='word_1_152' title='bbox 717 2268 923 2330; x_wconf 86' lang='lat' dir='ltr'><em>EPM.</em></span> <span class='ocrx_word' id='word_1_153' title='bbox 1001 2256 1170 2330; x_wconf 77' lang='grc' dir='ltr'><strong><em>Ἰδοὺ</em></strong></span> <span class='ocrx_word' id='word_1_154' title='bbox 1239 2259 1449 2330; x_wconf 88' lang='grc' dir='ltr'><strong><em>παλιν</em></strong></span> <span class='ocrx_word' id='word_1_155' title='bbox 1524 2259 1684 2331; x_wconf 90' lang='grc' dir='ltr'><strong><em>αλλο</em></strong></span> <span class='ocrx_word' id='word_1_156' title='bbox 1753 2263 2070 2330; x_wconf 84' lang='grc' dir='ltr'><strong><em>δύσλυτον</em></strong></span> <span class='ocrx_word' id='word_1_157' title='bbox 2134 2267 2245 2331; x_wconf 82' lang='grc' dir='ltr'><strong><em>καὶ</em></strong></span> <span class='ocrx_word' id='word_1_158' title='bbox 2310 2270 2543 2333; x_wconf 90' lang='grc' dir='ltr'><strong><em>τοῦτο·</em></strong></span> <span class='ocrx_word' id='word_1_159' title='bbox 2562 2278 2651 2327; x_wconf 89' lang='grc'><strong><em>655</em></strong></span> 
     </span>
     <span class='ocr_line' id='line_1_21' title="bbox 384 2359 2543 2491; baseline 0 -58"><span class='ocrx_word' id='word_1_160' title='bbox 384 2369 603 2451; x_wconf 80' lang='grc' dir='ltr'><strong><em>χαλκῶ</em></strong></span> <span class='ocrx_word' id='word_1_161' title='bbox 653 2366 773 2452; x_wconf 79' lang='grc' dir='ltr'><strong><em>μὲν</em></strong></span> <span class='ocrx_word' id='word_1_162' title='bbox 828 2365 955 2491; x_wconf 73' lang='grc' dir='ltr'><strong><em>εγὰρ</em></strong></span> <span class='ocrx_word' id='word_1_163' title='bbox 1015 2359 1376 2452; x_wconf 76' lang='grc' dir='ltr'><strong><em>ἀμφοτέρω</em></strong></span> <span class='ocrx_word' id='word_1_164' title='bbox 1440 2364 1633 2431; x_wconf 76' lang='grc' dir='ltr'><strong><em>ἐστὸν</em></strong></span> <span class='ocrx_word' id='word_1_165' title='bbox 1688 2367 1800 2432; x_wconf 77' lang='grc' dir='ltr'><strong><em>καὶ</em></strong></span> <span class='ocrx_word' id='word_1_166' title='bbox 1860 2371 2089 2454; x_wconf 89' lang='grc' dir='ltr'><strong><em>τέχνης</em></strong></span> <span class='ocrx_word' id='word_1_167' title='bbox 2143 2370 2261 2456; x_wconf 84' lang='grc' dir='ltr'><strong><em>τῆς</em></strong></span> <span class='ocrx_word' id='word_1_168' title='bbox 2318 2362 2543 2457; x_wconf 77' lang='grc' dir='ltr'><strong><em>αὐτῆς,</em></strong></span> 
     </span>
     <span class='ocr_line' id='line_1_22' title="bbox 388 2465 2543 2554; baseline -0.001 -17"><span class='ocrx_word' id='word_1_169' title='bbox 388 2476 771 2537; x_wconf 87' lang='grc' dir='ltr'><strong><em>Λυσίππου</em></strong></span> <span class='ocrx_word' id='word_1_170' title='bbox 818 2466 1126 2551; x_wconf 87' lang='grc' dir='ltr'><strong><em>ἑκάτερον</em></strong></span> <span class='ocrx_word' id='word_1_171' title='bbox 1169 2465 1245 2535; x_wconf 88' lang='grc' dir='ltr'>τό</span> <span class='ocrx_word' id='word_1_172' title='bbox 1296 2466 1513 2554; x_wconf 80' lang='grc' dir='ltr'><strong><em>ε’ργον,</em></strong></span> <span class='ocrx_word' id='word_1_173' title='bbox 1566 2470 1676 2534; x_wconf 87' lang='grc' dir='ltr'><strong><em>καὶ</em></strong></span> <span class='ocrx_word' id='word_1_174' title='bbox 1721 2467 1796 2533; x_wconf 86' lang='grc' dir='ltr'><strong><em>τὸ</em></strong></span> <span class='ocrx_word' id='word_1_175' title='bbox 1843 2471 2186 2552; x_wconf 78' lang='grc' dir='ltr'><strong><em>μέγιστον,</em></strong></span> <span class='ocrx_word' id='word_1_176' title='bbox 2232 2465 2543 2554; x_wconf 81' lang='grc' dir='ltr'><strong><em>ὁμοτίμω</em></strong></span> 
     </span>
     <span class='ocr_line' id='line_1_23' title="bbox 387 2563 2539 2658; baseline 0.002 -21"><span class='ocrx_word' id='word_1_177' title='bbox 387 2571 470 2639; x_wconf 86' lang='grc' dir='ltr'><strong><em>τὰ</em></strong></span> <span class='ocrx_word' id='word_1_178' title='bbox 517 2572 583 2651; x_wconf 79' lang='grc' dir='ltr'><strong><em>ἐς</em></strong></span> <span class='ocrx_word' id='word_1_179' title='bbox 626 2576 832 2658; x_wconf 81' lang='grc' dir='ltr'><strong><em>γένος,</em></strong></span> <span class='ocrx_word' id='word_1_180' title='bbox 880 2563 995 2636; x_wconf 90' lang='grc' dir='ltr'><strong><em>άτε</em></strong></span> <span class='ocrx_word' id='word_1_181' title='bbox 1042 2568 1118 2653; x_wconf 90' lang='grc' dir='ltr'><strong><em>δὴ</em></strong></span> <span class='ocrx_word' id='word_1_182' title='bbox 1158 2565 1329 2648; x_wconf 82' lang='grc' dir='ltr'><strong><em>Διὸς</em></strong></span> <span class='ocrx_word' id='word_1_183' title='bbox 1373 2570 1635 2651; x_wconf 89' lang='grc' dir='ltr'><strong><em>παῖδες,</em></strong></span> <span class='ocrx_word' id='word_1_184' title='bbox 1682 2566 1717 2637; x_wconf 82' lang='lat' dir='ltr'><strong><em>o‘</em></strong></span> <span class='ocrx_word' id='word_1_185' title='bbox 1764 2569 2097 2649; x_wconf 90' lang='grc' dir='ltr'><strong><em>Διόνυσος</em></strong></span> <span class='ocrx_word' id='word_1_186' title='bbox 2153 2568 2380 2639; x_wconf 77' lang='grc' dir='ltr'><strong><em>οὑτοσὶ</em></strong></span> <span class='ocrx_word' id='word_1_187' title='bbox 2426 2578 2539 2642; x_wconf 81' lang='grc' dir='ltr'><strong><em>καὶ</em></strong></span> 
     </span>
     <span class='ocr_line' id='line_1_24' title="bbox 377 2665 2542 2761; baseline 0 -19"><span class='ocrx_word' id='word_1_188' title='bbox 377 2672 718 2761; x_wconf 67' lang='grc' dir='ltr'><strong><em>εΗρακλῆς.</em></strong></span> <span class='ocrx_word' id='word_1_189' title='bbox 809 2671 1097 2758; x_wconf 89' lang='grc' dir='ltr'><strong><em>πότερος</em></strong></span> <span class='ocrx_word' id='word_1_190' title='bbox 1161 2696 1276 2737; x_wconf 89' lang='grc' dir='ltr'><strong><em>ουν</em></strong></span> <span class='ocrx_word' id='word_1_191' title='bbox 1335 2665 1554 2738; x_wconf 76' lang='grc' dir='ltr'><strong><em>αὐτῶν</em></strong></span> <span class='ocrx_word' id='word_1_192' title='bbox 1610 2672 2172 2756; x_wconf 85' lang='grc' dir='ltr'><strong><em>προκαθεδεῖται,·</em></strong></span> <span class='ocrx_word' id='word_1_193' title='bbox 2237 2676 2542 2761; x_wconf 87' lang='grc' dir='ltr'><strong><em>φιλονει-</em></strong></span> 
     </span>
     <span class='ocr_line' id='line_1_25' title="bbox 384 2768 1120 2861; baseline -0.005 -18"><span class='ocrx_word' id='word_1_194' title='bbox 384 2780 570 2844; x_wconf 87' lang='grc' dir='ltr'><strong><em>κοῦσι</em></strong></span> <span class='ocrx_word' id='word_1_195' title='bbox 617 2775 760 2861; x_wconf 83' lang='grc' dir='ltr'><strong><em>γάρ,</em></strong></span> <span class='ocrx_word' id='word_1_196' title='bbox 808 2769 893 2851; x_wconf 83' lang='grc' dir='ltr'><strong><em>ὡς</em></strong></span> <span class='ocrx_word' id='word_1_197' title='bbox 937 2768 1120 2860; x_wconf 79' lang='grc' dir='ltr'><strong><em>ὃρᾷς.</em></strong></span> 
     </span>
    </p>

    <p class='ocr_par' dir='ltr' id='par_1_6' title="bbox 382 2861 2543 3364">
     <span class='ocr_line' id='line_1_26' title="bbox 556 2861 2543 2965; baseline 0 -22"><span class='ocrx_word' id='word_1_198' title='bbox 556 2882 806 2943; x_wconf 82' lang='grc' dir='ltr'><strong><em>ΖΕΥΣ.</em></strong></span> <span class='ocrx_word' id='word_1_199' title='bbox 892 2880 1399 2959; x_wconf 72' lang='grc' dir='ltr'><strong><em>Διατρίβομεν,</em></strong></span> <span class='ocrx_word' id='word_1_200' title='bbox 1438 2861 1491 2940; x_wconf 73' lang='grc' dir='ltr'><em>ὦ</em></span> <span class='ocrx_word' id='word_1_201' title='bbox 1544 2871 1771 2964; x_wconf 85' lang='grc' dir='ltr'><strong><em>Ἑρμῆ,</em></strong></span> <span class='ocrx_word' id='word_1_202' title='bbox 1828 2877 2045 2943; x_wconf 90' lang='grc' dir='ltr'><strong><em>πάλαι</em></strong></span> <span class='ocrx_word' id='word_1_203' title='bbox 2106 2876 2255 2945; x_wconf 91' lang='grc' dir='ltr'><strong><em>δέον</em></strong></span> <span class='ocrx_word' id='word_1_204' title='bbox 2312 2876 2543 2965; x_wconf 76' lang='grc' dir='ltr'><strong><em>ἐκκλη-</em></strong></span> 
     </span>
     <span class='ocr_line' id='line_1_27' title="bbox 387 2969 2543 3061; baseline -0.001 -13"><span class='ocrx_word' id='word_1_205' title='bbox 387 2980 671 3059; x_wconf 86' lang='grc' dir='ltr'><strong><em>σιάζειν·</em></strong></span> <span class='ocrx_word' id='word_1_206' title='bbox 731 2970 902 3044; x_wconf 72' lang='grc' dir='ltr'><strong><em>ὥστε</em></strong></span> <span class='ocrx_word' id='word_1_207' title='bbox 947 2980 1058 3043; x_wconf 83' lang='grc' dir='ltr'><strong><em>νῦν</em></strong></span> <span class='ocrx_word' id='word_1_208' title='bbox 1101 2977 1222 3060; x_wconf 82' lang='grc' dir='ltr'><strong><em>μὲν</em></strong></span> <span class='ocrx_word' id='word_1_209' title='bbox 1269 2970 1518 3061; x_wconf 79' lang='grc' dir='ltr'><strong><em>ἀναμὶξ</em></strong></span> <span class='ocrx_word' id='word_1_210' title='bbox 1556 2976 2003 3059; x_wconf 86' lang='grc' dir='ltr'><strong><em>καθιζόντων,</em></strong></span> <span class='ocrx_word' id='word_1_211' title='bbox 2052 2972 2203 3045; x_wconf 72' lang='grc' dir='ltr'><strong><em>ἕνθ’</em></strong></span> <span class='ocrx_word' id='word_1_212' title='bbox 2256 2969 2338 3045; x_wconf 73' lang='grc' dir='ltr'><strong><em>ἀν</em></strong></span> <span class='ocrx_word' id='word_1_213' title='bbox 2383 2980 2543 3047; x_wconf 75' lang='grc' dir='ltr'><strong><em>ἕκα-</em></strong></span> 
     </span>
     <span class='ocr_line' id='line_1_28' title="bbox 387 3074 2540 3168; baseline 0 -19"><span class='ocrx_word' id='word_1_214' title='bbox 387 3105 544 3159; x_wconf 89' lang='grc' dir='ltr'><strong><em>στος</em></strong></span> <span class='ocrx_word' id='word_1_215' title='bbox 595 3080 831 3167; x_wconf 75' lang='grc' dir='ltr'><strong><em>ἐθέλῃ,</em></strong></span> <span class='ocrx_word' id='word_1_216' title='bbox 891 3079 1204 3158; x_wconf 81' lang='grc' dir='ltr'><strong><em>εἰσαῦθις</em></strong></span> <span class='ocrx_word' id='word_1_217' title='bbox 1250 3080 1322 3147; x_wconf 83' lang='grc' dir='ltr'><strong><em>δὲ</em></strong></span> <span class='ocrx_word' id='word_1_218' title='bbox 1368 3074 1887 3168; x_wconf 74' lang='grc' dir='ltr'><strong><em>ἀποδοθήσεται</em></strong></span> <span class='ocrx_word' id='word_1_219' title='bbox 1931 3085 2086 3166; x_wconf 80' lang='grc' dir='ltr'><strong><em>περὶ</em></strong></span> <span class='ocrx_word' id='word_1_220' title='bbox 2134 3082 2385 3151; x_wconf 89' lang='grc' dir='ltr'><strong><em>τούτων</em></strong></span> <span class='ocrx_word' id='word_1_221' title='bbox 2433 3082 2540 3149; x_wconf 80' lang='grc' dir='ltr'><strong><em>ἐκ-</em></strong></span> 
     </span>
     <span class='ocr_line' id='line_1_29' title="bbox 385 3175 2539 3272; baseline -0 -22"><span class='ocrx_word' id='word_1_222' title='bbox 385 3186 656 3271; x_wconf 88' lang='grc' dir='ltr'><strong><em>κλησία,</em></strong></span> <span class='ocrx_word' id='word_1_223' title='bbox 715 3175 892 3266; x_wconf 76' lang='grc' dir='ltr'><strong><em>κάγώ</em></strong></span> <span class='ocrx_word' id='word_1_224' title='bbox 956 3180 1227 3264; x_wconf 77' lang='grc' dir='ltr'><strong><em>εἵσομαι</em></strong></span> <span class='ocrx_word' id='word_1_225' title='bbox 1268 3176 1425 3247; x_wconf 91' lang='grc' dir='ltr'><strong><em>τότε</em></strong></span> <span class='ocrx_word' id='word_1_226' title='bbox 1482 3175 1713 3268; x_wconf 73' lang='grc' dir='ltr'><strong><em>ἥντινα</em></strong></span> <span class='ocrx_word' id='word_1_227' title='bbox 1759 3180 1881 3269; x_wconf 85' lang='grc' dir='ltr'><strong><em>χρὴ</em></strong></span> <span class='ocrx_word' id='word_1_228' title='bbox 1938 3182 2370 3272; x_wconf 87' lang='grc' dir='ltr'><strong><em>ποιήσασθαι</em></strong></span> <span class='ocrx_word' id='word_1_229' title='bbox 2413 3181 2539 3269; x_wconf 78' lang='grc' dir='ltr'><strong><em>τὴν</em></strong></span> 
     </span>
     <span class='ocr_line' id='line_1_30' title="bbox 382 3276 1038 3364; baseline -0.003 -14"><span class='ocrx_word' id='word_1_230' title='bbox 382 3284 573 3364; x_wconf 85' lang='grc' dir='ltr'><strong><em>τάξιν</em></strong></span> <span class='ocrx_word' id='word_1_231' title='bbox 620 3277 736 3350; x_wconf 73' lang='grc' dir='ltr'><strong><em>ἐπ’</em></strong></span> <span class='ocrx_word' id='word_1_232' title='bbox 789 3276 1038 3360; x_wconf 75' lang='grc' dir='ltr'><strong><em>αὐτοῖς.</em></strong></span> 
     </span>
    </p>

    <p class='ocr_par' dir='ltr' id='par_1_7' title="bbox 285 3378 2645 3882">
     <span class='ocr_line' id='line_1_31' title="bbox 285 3378 2538 3472; baseline -0.001 -17"><span class='ocrx_word' id='word_1_233' title='bbox 285 3398 356 3455; x_wconf 80' lang='grc'><strong><em>18</em></strong></span> <span class='ocrx_word' id='word_1_234' title='bbox 565 3392 666 3454; x_wconf 87' lang='grc'><strong><em>13.</em></strong></span> <span class='ocrx_word' id='word_1_235' title='bbox 710 3385 922 3451; x_wconf 85' lang='grc' dir='ltr'><strong><em>ΕΡΜ.</em></strong></span> <span class='ocrx_word' id='word_1_236' title='bbox 972 3378 1188 3466; x_wconf 74' lang='grc' dir='ltr'><strong><em>Ἀλλ’,</em></strong></span> <span class='ocrx_word' id='word_1_237' title='bbox 1241 3379 1615 3472; x_wconf 88' lang='grc' dir='ltr'><strong><em>Ἡράκλεις,</em></strong></span> <span class='ocrx_word' id='word_1_238' title='bbox 1662 3380 1755 3461; x_wconf 80' lang='grc' dir='ltr'><strong><em>ὥς</em></strong></span> <span class='ocrx_word' id='word_1_239' title='bbox 1798 3388 2172 3470; x_wconf 85' lang='grc' dir='ltr'><strong><em>θορυβοῦσι</em></strong></span> <span class='ocrx_word' id='word_1_240' title='bbox 2215 3383 2299 3451; x_wconf 82' lang='grc' dir='ltr'><strong><em>τὰ</em></strong></span> <span class='ocrx_word' id='word_1_241' title='bbox 2344 3386 2538 3454; x_wconf 86' lang='grc' dir='ltr'><strong><em>κοινὰ</em></strong></span> 
     </span>
     <span class='ocr_line' id='line_1_32' title="bbox 384 3480 2537 3576; baseline -0.001 -19"><span class='ocrx_word' id='word_1_242' title='bbox 384 3492 496 3557; x_wconf 87' lang='grc' dir='ltr'><strong><em>καὶ</em></strong></span> <span class='ocrx_word' id='word_1_243' title='bbox 531 3487 662 3576; x_wconf 82' lang='grc' dir='ltr'><strong><em>[τὰ]</em></strong></span> <span class='ocrx_word' id='word_1_244' title='bbox 696 3480 862 3555; x_wconf 74' lang='grc' dir='ltr'><strong><em>καθ’</em></strong></span> <span class='ocrx_word' id='word_1_245' title='bbox 898 3482 1151 3575; x_wconf 80' lang='grc' dir='ltr'><strong><em>ἡμέραν</em></strong></span> <span class='ocrx_word' id='word_1_246' title='bbox 1177 3497 1390 3553; x_wconf 87' lang='grc' dir='ltr'><strong><em>ταῦτα</em></strong></span> <span class='ocrx_word' id='word_1_247' title='bbox 1417 3489 1722 3570; x_wconf 82' lang='grc' dir='ltr'><strong><em>βοῶντες,</em></strong></span> <span class='ocrx_word' id='word_1_248' title='bbox 1764 3486 2133 3570; x_wconf 86' lang='grc' dir='ltr'><strong><em>Διανομάς,</em></strong></span> <span class='ocrx_word' id='word_1_249' title='bbox 2181 3487 2537 3572; x_wconf 89' lang='grc' dir='ltr'><strong><em>διανομάς·</em></strong></span> 
     </span>
     <span class='ocr_line' id='line_1_33' title="bbox 387 3582 2645 3677; baseline -0.001 -18"><span class='ocrx_word' id='word_1_250' title='bbox 387 3596 520 3659; x_wconf 88' lang='grc' dir='ltr'><strong><em>ποῦ</em></strong></span> <span class='ocrx_word' id='word_1_251' title='bbox 563 3590 639 3658; x_wconf 85' lang='grc' dir='ltr'><strong><em>τὸ</em></strong></span> <span class='ocrx_word' id='word_1_252' title='bbox 687 3596 952 3675; x_wconf 87' lang='grc' dir='ltr'><strong><em>νέκταρ,</em></strong></span> <span class='ocrx_word' id='word_1_253' title='bbox 999 3592 1137 3655; x_wconf 86' lang='grc' dir='ltr'><strong><em>ποῦ</em></strong></span> <span class='ocrx_word' id='word_1_254' title='bbox 1179 3587 1256 3655; x_wconf 81' lang='grc' dir='ltr'><strong><em>τὸ</em></strong></span> <span class='ocrx_word' id='word_1_255' title='bbox 1305 3596 1578 3674; x_wconf 87' lang='grc' dir='ltr'><strong><em>νέκταρ,·</em></strong></span> <span class='ocrx_word' id='word_1_256' title='bbox 1632 3584 1671 3674; x_wconf 83' lang='grc' dir='ltr'><strong><em>ἦ</em></strong></span> <span class='ocrx_word' id='word_1_257' title='bbox 1721 3582 2059 3673; x_wconf 86' lang='grc' dir='ltr'><strong><em>ἀμβροσία</em></strong></span> <span class='ocrx_word' id='word_1_258' title='bbox 2104 3587 2443 3671; x_wconf 77' lang='grc' dir='ltr'><strong><em>ἐπέλιπεν,</em></strong></span> <span class='ocrx_word' id='word_1_259' title='bbox 2492 3588 2645 3677; x_wconf 81' lang='grc' dir='ltr'><strong><em>ἡ656</em></strong></span> 
     </span>
     <span class='ocr_line' id='line_1_34' title="bbox 387 3689 2537 3782; baseline -0.001 -21"><span class='ocrx_word' id='word_1_260' title='bbox 387 3690 723 3782; x_wconf 84' lang='grc' dir='ltr'><strong><em>ἀμβροσία</em></strong></span> <span class='ocrx_word' id='word_1_261' title='bbox 780 3691 1128 3760; x_wconf 79' lang='grc' dir='ltr'><strong><em>ἐπέλιπεν·</em></strong></span> <span class='ocrx_word' id='word_1_262' title='bbox 1188 3694 1324 3759; x_wconf 91' lang='grc' dir='ltr'><strong><em>ποῦ</em></strong></span> <span class='ocrx_word' id='word_1_263' title='bbox 1370 3692 1442 3757; x_wconf 81' lang='grc' dir='ltr'><strong><em>αἱ</em></strong></span> <span class='ocrx_word' id='word_1_264' title='bbox 1500 3690 1894 3776; x_wconf 83' lang='grc' dir='ltr'><strong><em>ἑκατόμβαι,</em></strong></span> <span class='ocrx_word' id='word_1_265' title='bbox 1954 3695 2090 3759; x_wconf 87' lang='grc' dir='ltr'><strong><em>ποῦ</em></strong></span> <span class='ocrx_word' id='word_1_266' title='bbox 2136 3691 2207 3757; x_wconf 81' lang='grc' dir='ltr'><strong><em>αἱ</em></strong></span> <span class='ocrx_word' id='word_1_267' title='bbox 2251 3689 2537 3777; x_wconf 83' lang='grc' dir='ltr'><strong><em>ἑκατόμ-</em></strong></span> 
     </span>
     <span class='ocr_line' id='line_1_35' title="bbox 383 3793 1287 3883; baseline -0.003 -19"><span class='ocrx_word' id='word_1_268' title='bbox 383 3804 534 3883; x_wconf 81' lang='grc' dir='ltr'><strong><em>βαι;</em></strong></span> <span class='ocrx_word' id='word_1_269' title='bbox 580 3798 808 3873; x_wconf 86' lang='grc' dir='ltr'><strong><em>κοινὰς</em></strong></span> <span class='ocrx_word' id='word_1_270' title='bbox 851 3793 972 3873; x_wconf 84' lang='grc' dir='ltr'><strong><em>τὰς</em></strong></span> <span class='ocrx_word' id='word_1_271' title='bbox 1015 3800 1287 3872; x_wconf 91' lang='grc' dir='ltr'><strong><em>θυσίας.</em></strong></span> 
     </span>
    </p>

    <p class='ocr_par' dir='ltr' id='par_1_8' title="bbox 386 3843 2536 4086">
     <span class='ocr_line' id='line_1_36' title="bbox 554 3843 2536 3984; baseline -0.001 -20"><span class='ocrx_word' id='word_1_272' title='bbox 554 3904 802 3965; x_wconf 83' lang='grc' dir='ltr'><strong><em>ΖΕΥΣ.</em></strong></span> <span class='ocrx_word' id='word_1_273' title='bbox 893 3897 1440 3984; x_wconf 83' lang='grc' dir='ltr'><strong><em>Κατασιώπησον</em></strong></span> <span class='ocrx_word' id='word_1_274' title='bbox 1486 3890 1752 3975; x_wconf 79' lang='grc' dir='ltr'><strong><em>αύτούς,</em></strong></span> <span class='ocrx_word' id='word_1_275' title='bbox 1800 3882 1853 3961; x_wconf 82' lang='grc' dir='ltr'><em>ὦ</em></span> <span class='ocrx_word' id='word_1_276' title='bbox 1893 3891 2106 3984; x_wconf 84' lang='grc' dir='ltr'><strong><em>Ἑρμῆ,</em></strong></span> <span class='ocrx_word' id='word_1_277' title='bbox 2152 3892 2245 3974; x_wconf 80' lang='grc' dir='ltr'><strong><em>ὥς</em></strong></span> <span class='ocrx_word' id='word_1_278' title='bbox 2285 3843 2536 3979; x_wconf 85' lang='grc' dir='ltr'><strong><em>μάθω-</em></strong></span> 
     </span>
     <span class='ocr_line' id='line_1_37' title="bbox 386 3992 2535 4086; baseline -0.001 -16"><span class='ocrx_word' id='word_1_279' title='bbox 386 4026 493 4070; x_wconf 90' lang='grc' dir='ltr'><strong><em>σιν</em></strong></span> <span class='ocrx_word' id='word_1_280' title='bbox 535 3995 692 4068; x_wconf 90' lang='grc' dir='ltr'><strong><em>ότου</em></strong></span> <span class='ocrx_word' id='word_1_281' title='bbox 739 3999 923 4066; x_wconf 84' lang='grc' dir='ltr'><strong><em>ε’νεκα</em></strong></span> <span class='ocrx_word' id='word_1_282' title='bbox 959 3999 1390 4086; x_wconf 81' lang='grc' dir='ltr'><strong><em>ξυνελέγησαν</em></strong></span> <span class='ocrx_word' id='word_1_283' title='bbox 1432 3995 1587 4075; x_wconf 79' lang='grc' dir='ltr'><strong><em>τοὺς</em></strong></span> <span class='ocrx_word' id='word_1_284' title='bbox 1632 3997 1867 4085; x_wconf 87' lang='grc' dir='ltr'><strong><em>λήρους</em></strong></span> <span class='ocrx_word' id='word_1_285' title='bbox 1908 3997 2185 4075; x_wconf 88' lang='grc' dir='ltr'><strong><em>τούτους</em></strong></span> <span class='ocrx_word' id='word_1_286' title='bbox 2230 3992 2535 4085; x_wconf 85' lang='grc' dir='ltr'><strong><em>ἀφέντες.</em></strong></span> 
     </span>
    </p>
   </div>
  </div>
 </body>
</html>
