2750 4534
1130 242 1434 297 TOEARIS.
1875 278 1882 285 -
2245 244 2318 301 21
2331 243 2368 301 3

418 451 505 462 —
532 413 837 480 πλάττειν
867 415 887 499 ΙΙ
915 412 1221 497 πράττειν
1250 412 1426 477 ΩΓΒ
1449 451 1533 462 -
1558 422 1623 484 δέ
1650 416 1670 502 Ι]
1700 423 1804 483 δαί
1830 421 1881 479 Β
1915 456 1996 467 -
2027 426 2202 483 θεῶν
2225 471 2237 483 .
2271 470 2284 483 .
2307 470 2320 483 .
2351 470 2364 483 .

424 515 444 599 ΙΙ
486 519 616 579 sine
661 520 881 580 lacuna
925 513 1027 579 ΓΒ
1074 555 1160 565 —-
1212 526 1432 597 Φίλιος
1539 530 1729 600 φιλος
1771 523 1828 580 Α

198 640 251 682 c.
288 624 389 682 12.
424 621 581 684 ἴστω
622 617 644 701 ΙΙ
684 620 846 684 ἔστω
893 616 962 680 Ω
1007 655 1088 666 --
1134 619 1300 702 παρ’
1339 614 1564 687 ι’ἰλλων
1605 619 1626 707 Ι
1667 619 1841 704 παρὰ
1878 621 1974 687 ἄλ.
2011 618 2080 681 Ω
2111 656 2193 666 -
2239 620 2370 704 πρὸ

197 1458 247 1499 ο.
284 1444 381 1501 13.

418 729 676 787 πολλοῦ
717 718 741 803 ΙΙ
796 720 925 803 πρὸ
981 730 1251 787 πολλῶν
1307 719 1433 784 ΑΩ
1496 760 1567 769 -
1632 725 1822 803 ἔδειξε
1855 723 1877 805 ΙΙ
1911 724 2143 801 ἔδειξεν
2186 720 2237 783 Γ
2285 761 2366 772 -

415 831 687 901 Σαμίων
716 832 853 889 τῶν
886 833 1158 890 πολλῶν
1190 824 1473 903 α’,ιιείνων
1506 827 1528 907 ΙΙ
1563 825 1662 904 α’μ.
1694 837 1763 894 Σ.
1794 853 1844 892 τ.
1875 850 1936 891 π.
1970 821 2070 887 ΓΒ
2102 862 2186 871 -
2217 828 2279 904 ἐς
2308 853 2362 892 τ.

418 924 516 992 α’λ.
554 923 778 1009 ΙΙείςτ.
819 923 959 992 αὨ
1004 963 1088 974 —-
1131 929 1197 993 Δ.
1247 924 2366 1015 ὃὲΙΙΟΠι.ὁὲΩ-τῷΛΙΙοῐη.τῷ

416 1032 470 1090 Α
528 1064 609 1075 -·
668 1027 983 1107 Λύσωνος
1018 1029 1037 1109 ΙΙ
1068 1037 1409 1107 Λυσιωνος
1455 1027 1506 1090 Γ
1550 1068 1631 1078 -
1693 1038 1836 1114 περὶ
1881 1029 2116 1096 ἑαυτὸν
2159 1028 2180 1114 ΙΙ
2222 1037 2367 1113 περὶ

417 1130 620 1197 αὐτὸν
665 1128 789 1194 ΑΩ
803 1132 882 1210 (Ρ)
929 1169 1010 1178 -
1057 1131 1081 1197 ἓ
1142 1132 1342 1214 Ἀγαθ.
1455 1154 1569 1195 om.
1619 1132 1656 1198 ὃ
1702 1130 1771 1195 Ω
1833 1170 1915 1179 -
1973 1131 2306 1216 ἐξητάζετο
2352 1129 2372 1213 ΙΙ

418 1230 741 1314 ἐξετάζετο
782 1230 855 1295 Ω
901 1271 984 1280 -
1032 1228 1157 1315 εἶχε
1186 1232 1205 1317 ΙΙ
1234 1236 1398 1315 εἶχεν
1430 1232 1480 1295 Γ
1510 1270 1592 1281 -
1639 1239 1977 1301 κατέλιπεν
2006 1235 2026 1318 ΙΙ
2055 1234 2365 1300 ἀπέλιπεν

415 1332 485 1396 Ω
528 1370 613 1381 —
654 1335 798 1413 μετ’
846 1339 1111 1402 ἐκείνων
1215 1336 1361 1414 μετ’
1408 1340 1656 1404 ἐκεῖνον
1699 1336 1766 1400 Ω

416 1437 453 1503 ὁ
500 1436 730 1515 ἄθλιος
774 1436 793 1521 [Ι
836 1458 951 1501 om.
1010 1438 1047 1503 ὃ
1097 1441 1147 1499 Β
1206 1476 1290 1485 --
1347 1442 1705 1520 ἐπιφανοῦς
1809 1439 2106 1520 ἀφανοῦς
2156 1436 2225 1501 Ω
2289 1473 2363 1483 -

414 1538 777 1623 γραμμάτια
820 1538 841 1623 ΙΙ
882 1556 1277 1623 γραμματεῖα
1319 1538 1372 1602 Γ
1405 1580 1487 1589 --
1517 1542 1698 1629 αὐτῷ
1743 1568 1805 1609 π.
1855 1570 1907 1608 τ.
1957 1568 2102 1622 γυν.
2146 1540 2166 1624 ΙΙ
2210 1567 2273 1606 π.
2310 1568 2362 1606 τ.

416 1668 469 1722 γ.
530 1642 710 1729 αὐτῷ
755 1640 806 1703 Γ
850 1678 936 1689 --
992 1658 1130 1721 τοῖς
1182 1648 1352 1722 νέοις
1395 1643 1414 1726 ΙΙ
1459 1647 1584 1709 ἐπὶ
1627 1671 1679 1710 τ.
1728 1670 1784 1711 ν.
1834 1643 1885 1705 Γ
1929 1680 2013 1690 -
2073 1647 2370 1726 ἐπιμηχα-

419 1753 662 1810 νῶνται
704 1744 725 1829 ΙΙ
767 1766 883 1808 om.
930 1748 1060 1810 ἐπὶ
1104 1743 1207 1807 ΒΓ
1237 1784 1319 1793 -
1363 1745 1441 1813 τὸ
1485 1756 1752 1829 πρῶτον
1797 1745 1816 1831 ΙΙ
1857 1755 1953 1812 τῶ
1997 1773 2058 1813 π.
2109 1743 2234 1809 ΑΩ
2285 1782 2360 1792 -

416 1855 803 1929 νομίζοντας
844 1847 865 1932 [Ι
907 1856 1283 1931 νομίζονται
1340 1847 1462 1911 ΩΓ
1508 1887 1591 1896 -
1637 1849 1783 1933 ἄχρι
1826 1847 1846 1933 ΙΙ
1889 1848 2069 1933 ἄχρις
2113 1846 2238 1911 ΑΩ
2282 1884 2368 1895 --

414 1948 451 2032 ἡ
497 1958 844 2033 Χαρίκλεια
902 1956 968 2016 δὲ
1012 1948 1035 2033 ΙΙ
1079 1952 1117 2035 ἡ
1165 1962 1237 2018 Χ.
1298 1958 1417 2030 μὲν
1461 1949 1530 2013 Ω
1587 1990 1671 2001 -
1722 1950 1808 2035 μή
1851 1978 1912 2017 τι
1955 1950 1976 2036 fl
2015 1950 2101 2034 μή
2152 1979 2255 2019 τοι
2299 1949 2368 2013 Ω

415 2049 502 2127 μί
548 2059 610 2115 et
652 2073 772 2115 ras·
819 2055 1093 2132 (antiqua
1138 2075 1215 2116 m.
1262 2060 1427 2132 πως)
1470 2057 1520 2115 Β
1564 2053 1652 2138 μή
1695 2081 1808 2122 ποι
1853 2053 1904 2115 Γ
1945 2090 2030 2101 -
2075 2054 2367 2120 α’ντείποι

414 2155 433 2237 ΙΙ
476 2153 742 2237 ἀντείπῃ
788 2152 857 2217 Ω
902 2155 1192 2239 ἄντείπηι
1236 2153 1288 2217 Γ
1334 2193 1416 2203 -
1471 2155 1636 2221 ἀλλὰ
1680 2182 1840 2238 τεχν.
1877 2154 1896 2241 ΙΙ
1927 2155 2091 2221 ἀλλὰ
2136 2163 2264 2221 καὶ
2309 2183 2361 2221 τ.

419 2254 518 2318 ΓΒ
563 2292 647 2303 -—
690 2273 962 2338 τεχνῖτις
992 2255 1010 2339 ΙΙ
1038 2266 1306 2339 τεχνίτις
1334 2262 1392 2319 Α
1421 2266 1704 2341 τεχνίτης
1735 2256 1804 2320 Ω
1836 2295 1917 2305 -
1946 2256 2103 2337 μετὰ
2131 2257 2366 2341 μικρὸν

410 2356 431 2442 Β
472 2357 635 2423 κατὰ
677 2357 910 2442 μικρὸν
955 2355 1023 2420 Ω
1070 2396 1151 2406 -
1196 2366 1303 2424 καὶ
1347 2368 1445 2445 τῷ
1487 2359 1506 2443 ΙΙ
1549 2366 1656 2424 καὶ
1700 2358 1777 2425 τὸ
1830 2356 1874 2419 Γ
1909 2397 1990 2407 -
2021 2357 2368 2443 παρεσκεύ-

418 2478 576 2527 αστο
621 2459 640 2544 ΙΙ
684 2460 1152 2527 κατεσκεύαστο
1197 2464 1248 2523 Β

197 2585 252 2626 c.
286 2568 384 2629 14.
418 2564 562 2630 πολ.
624 2562 741 2647 ἤδη
785 2562 805 2647 ΙΙ
849 2585 965 2626 om.
1024 2560 1149 2625 ΑΩ
1205 2599 1286 2608 —-
1345 2568 1726 2647 περιέχουσα
1768 2562 1790 2647 Ι
1831 2565 2271 2647 περίσχουσαῗ
2316 2565 2367 2624 Β

200 2994 254 3036 e.
286 2980 381 3037 15.

413 2700 496 2709 —
555 2671 929 2748 διαπείρασα
971 2662 992 2750 Ι
1036 2661 1396 2749 ὃιαπήρασα
1439 2669 1490 2727 Β
1548 2701 1634 2712 --
1691 2668 1900 2731 ἐκεῖνα
2006 2685 2121 2728 om.
2169 2663 2238 2726 Ω
2284 2700 2365 2710 -

415 2766 777 2850 γραμμάτια
822 2767 843 2852 ΙΙ
879 2766 1277 2852 ’γραμματεῖα
1322 2765 1426 2830 ΓΒ
1473 2806 1553 2815 -
1599 2767 1688 2846 ὡς
1733 2768 1919 2850 ἅπαγ.
1954 2766 2120 2853 lom.
2169 2766 2258 2846 ὡς
2288 2770 2363 2849 A,

415 2868 631 2950 ἐπάξει
677 2891 793 2933 om.
841 2870 931 2949 ὡς
976 2868 1045 2933 Ω
1090 2907 1173 2917 -

413 2980 521 3038 καὶ
561 2970 582 3058 Ι
625 2994 740 3036 om.
786 2972 912 3034 ΑΩ
953 3009 1038 3020 --
1083 2971 1450 3040 ἁλώσεσθαι
1554 2971 1858 3051 ἁλώσεως
1888 2978 1942 3036 Α
1988 3009 2070 3019 -
2115 2976 2370 3039 ἐπιστα-

413 3080 605 3158 μένης
648 3073 669 3161 Ι
710 3083 1145 3159 παρισταμένη
1188 3073 1256 3138 Ω
1304 3113 1386 3122 —-
1431 3082 1864 3160 προσδραμεῖν
1909 3075 1928 3158 ΙΙ
1972 3084 2368 3160 προσλαβεῖν

416 3180 467 3239 Β
516 3213 592 3224 -
641 3178 879 3262 α’ρὲσειε
921 3177 941 3263 ΙΙ
983 3178 1215 3262 ἅρέσκη
1260 3176 1329 3241 Ω
1387 3214 1469 3225 -
1525 3186 1634 3244 καὶ
1678 3175 1826 3264 ᾆσαι
1931 3199 2046 3242 om.
2092 3185 2199 3244 καὶ
2242 3175 2367 3240 ΑΩ

421 3317 500 3326 -
546 3279 725 3346 κύειν
767 3278 788 3366 Ι
830 3279 967 3347 κύει
1011 3278 1079 3343 Ω
1124 3317 1207 3327 -
1253 3279 1694 3361 φυλάττεσθαι
1739 3279 1870 3347 ὑπὸ
1916 3280 2192 3365 τοῖνὸρὸς
2237 3290 2362 3361 λεγ.

415 3381 435 3466 ΙΙ
477 3407 541 3462 φ.
606 3381 737 3448 ὑπὸ
791 3392 941 3449 τοῦ
998 3383 1133 3450 α’νὸ.
1194 3394 1249 3449 λ.
1301 3387 1355 3445 Α
1413 3381 1850 3464 φυλάττεσθαι
1910 3388 2184 3463 λέγουσα
2236 3382 2369 3449 ὑπὸ

419 3494 542 3551 τοί
600 3483 836 3568 α’νὸρὸς
904 3483 973 3547 Ω
1031 3524 1114 3533 -
1172 3483 1313 3563 οἶός
1357 3512 1425 3551 τε
1530 3506 1644 3548 om.
1689 3510 1757 3550 τε
1809 3488 1864 3546 Α
1909 3522 1989 3531 -
2048 3489 2373 3563 εἰςέπεμπε

415 3586 435 3671 ΙΙ
479 3592 843 3667 εἰςέπεμπεν
889 3585 940 3650 Γ
969 3625 1052 3636 --
1098 3591 1412 3668 ἐπεβοᾶτο
1455 3587 1474 3672 ΙΙ
1512 3590 1956 3666 ἐπεβοοῦντοῬ
1999 3584 2068 3649 Ω
2110 3624 2194 3635 —-
2239 3590 2371 3653 ἐθε-

416 3687 623 3772 λήσειε
665 3689 685 3774 ΙΙ
728 3689 1013 3774 ἐθελήσει
1058 3688 1161 3753 ΓΒ
1219 3728 1303 3739 -
1362 3688 1708 3772 γενόμενος
1738 3743 1751 3756 .
1787 3744 1800 3757 .
1836 3742 1849 3756 .
1886 3688 2090 3757 ἄλλον
2146 3688 2292 3755 τινὰ
2348 3688 2368 3772 ΙΙ

417 3813 531 3856 om.
577 3795 632 3853 A
678 3827 762 3839 ·—

202 3917 255 3958 c.
291 3902 387 3959 16.
420 3895 607 3962 ἄπολ.
658 3893 863 3961 αὐτὸν
906 3892 927 3977 ΙΙ
970 3915 1084 3958 om.
1130 3892 1198 3957 Ω
1245 3932 1327 3941 --
1385 3902 1729 3961 νεανίσκον
1773 3892 1792 3979 ΙΙ
1834 3892 2138 3961 νεανικὸν
2182 3898 2236 3956 Α
2281 3930 2366 3941 —

417 3997 506 4075 ὡς
564 4000 681 4079 ἔχει
724 3994 744 4079 ΙΙ
788 3996 878 4075 ὡς
936 3998 1133 4077 ἔχειτο
1178 3993 1247 4057 Ω
1306 3996 1395 4075 ὡς
1440 3998 1569 4077 ἔχοι
1615 3993 1719 4061 ΓΒ
1765 4032 1849 4043 -
1907 3994 2306 4080 ἀντεραστὴν
2349 4001 2373 4085 u
