2750 4534
166 461 217 502 e.
251 447 351 501 16.

158 1480 215 1523 c.
250 1465 352 1523 17.

160 2096 214 2139 o.
246 2082 350 2137 18.

160 2199 218 2241 ο.
254 2185 355 2241 19.

162 2715 219 2757 c.
250 2698 355 2756 20.

162 3006 357 3063 ο.21.

1086 269 1420 323 IMAGlNES.
2207 273 2332 331 205

387 437 852 522 συστησώμεθα
882 439 901 524 ΙΙ
932 441 1381 524 συστησάμεθα
1411 443 1461 502 Β
1490 479 1573 489 --
1619 442 2100 521 ἀπολιποίμεθα
2129 443 2149 529 ΙΙ
2179 444 2336 511 ἀπο-

382 551 761 622 λειποίμεθα
805 541 855 604 Γ
902 580 981 591 ——
1028 543 1066 627 ἡ
1110 553 1318 611 Κλείω
1364 544 1384 627 ΙΙ
1423 543 1461 627 ἡ
1508 566 1624 607 om.
1671 548 1776 608 sed
1821 566 2125 625 suprascr.
2156 551 2210 609 A
2249 582 2332 593 -—

380 643 419 727 ἣ
477 643 817 723 Πολύμνια
858 645 879 730 fl
921 667 1037 709 om.
1082 646 1121 730 ἡ
1159 650 1233 728 A,
1264 645 1335 710 Ω
1378 685 1464 695 --
1517 645 1858 726 Πολύμνια
1899 647 1922 731 ΙΙ
1962 659 2333 727 Πολυμνεια

383 742 485 808 ΓΒ
531 782 617 793 --
657 744 890 830 ἑκάστη
935 746 955 831 ΙΙ
996 746 1255 832 ἓκάστηι
1308 756 1470 813 1324
1513 785 1596 797 —-
1640 748 1720 815 τὰ
1765 758 1997 816 πασῶν
2042 749 2062 834 ΙΙ
2106 772 2221 813 om.
2253 751 2332 817 τὰ

380 852 457 930 A,
480 845 603 911 ΩΓ
636 856 792 913 1324
817 854 869 913 Β
902 888 983 899 —-
1024 851 1063 935 ἢ
1094 904 1109 918 .
1146 904 1159 919 .
1194 905 1208 918 .
1243 905 1260 919 .
1294 851 1730 935 κρατύναντες
1771 852 1792 937 ΙΙ
1835 874 1950 917 om.
1981 858 2055 936 A,
2081 857 2131 916 B
2169 860 2331 917 1324

383 988 467 997 —
522 952 971 1035 ἐξενηνόχασιν
1024 952 1045 1035 ΙΙ
1102 953 1562 1038 έξηνηνόχασιν
1620 958 1676 1017 A
1733 992 1818 1003 —-
1873 960 2265 1039 παρῃνέκασι
2317 955 2335 1038 ΙΙ

380 1057 870 1135 παρηνέγκαντο
935 1053 1065 1119 ΑΩ
1130 1062 1567 1139 παρηνέγκασι
1632 1061 1682 1120 Β
1749 1062 2214 1140 παρενέγκασιν
2280 1055 2332 1117 Γ

380 1160 805 1238 παρενέγκασι
874 1164 1033 1222 1324
1090 1194 1173 1205 --
1231 1158 1654 1244 κεκοσμήσθω
1708 1158 1728 1243 ΙΙ
1784 1169 2219 1243 κεκοσμῆσθαι
2264 1157 2332 1222 Ω

380 1292 466 1303 ·-
521 1261 584 1337 ἐς
636 1258 844 1338 βάθος
888 1259 909 1344 ΙΙ
950 1267 1038 1339 εἰς
1091 1270 1149 1340 β.
1210 1259 1279 1324 Ω
1324 1298 1410 1309 --
1453 1261 1620 1329 ἀλλὰ
1678 1267 1736 1327 εἰ
1773 1260 1792 1345 ΙΙ
1835 1263 1993 1328 ἀλλ’
2037 1269 2095 1328 εἰ
2135 1260 2203 1325 Ω
2249 1298 2332 1308 —-

384 1358 546 1443 αὕτη
590 1362 609 1445 ΙΙ
654 1362 815 1445 αὕτη
862 1366 911 1425 Β
958 1400 1041 1409 —-
1085 1360 1209 1429 οὖν
1253 1363 1271 1447 ΙΙ
1316 1385 1435 1428 om.
1480 1368 1555 1446 A,
1601 1362 1991 1428 ΩΓ1324Β
2035 1401 2119 1412 —

382 1459 423 1543 ἢ
466 1488 519 1528 τ.
571 1483 622 1531 σ.
672 1462 691 1547 ΙΙ
735 1471 793 1531 εἰ
830 1491 883 1532 τ.
936 1485 987 1532 σ.
1046 1462 1115 1527 Ω
1168 1503 1252 1513 --
1310 1464 1512 1549 δεήσει
1555 1465 1576 1551 ΙΙ
1617 1465 1802 1550 δεήση
1861 1463 1931 1528 Ω
1989 1501 2074 1513 --
2131 1464 2267 1553 ὅσῳ
2313 1464 2331 1548 ΙΙ

383 1560 528 1629 ὅσοι
557 1561 626 1626 Ω
654 1564 748 1611 “-
796 1576 859 1633 θ.
908 1575 1016 1633 καὶ
1060 1567 1258 1647 αὐτὸς
1301 1568 1321 1653 ΙΙ
1362 1590 1479 1631 om.
1517 1576 1625 1634 καὶ
1653 1571 1728 1650 A,
1761 1565 1883 1630 ΩΓ
1922 1575 2102 1650 1324,
2146 1578 2208 1635 θ.
2259 1594 2327 1649 γε

384 1664 577 1745 αὐτὸς
621 1671 671 1730 Β
716 1704 799 1714 -
845 1668 1041 1749 αὐτὸς
1073 1671 1096 1752 ΙΙ
1129 1669 1290 1754 αὐτὴ
1343 1678 1504 1734 1324
1551 1708 1632 1718 —-
1677 1670 1930 1754 ἀκριβεῖ
1953 1669 1973 1755 ΙΙ
2003 1670 2233 1754 ἀκριβῆ
2277 1666 2329 1729 Γ

384 1805 469 1815 -
510 1796 641 1852 μεγ.
691 1774 822 1837 ἐστι
852 1771 871 1855 ΙΙ
895 1799 956 1852 μ.
1007 1777 1178 1839 ἐστιν
1226 1770 1276 1834 Γ
1318 1810 1405 1821 —-
1447 1800 1607 1858 φημι
1635 1774 1655 1859 fl
1683 1793 1839 1855 φασι
1875 1771 2002 1836 ΑΩ
2053 1780 2212 1837 1324
2247 1808 2330 1819 —-

380 1876 631 1953 μεγέθει
674 1900 743 1955 γε
786 1874 805 1957 ΙΙ
844 1902 910 1954 μ.
957 1902 1023 1941 τε
1053 1874 1104 1938 Γ
1154 1914 1229 1923 -
1278 1903 1349 1957 γε
1394 1877 1677 1956 ἀμείνων
1782 1887 1919 1943 τῶν
1964 1874 2328 1954 ἀμεινόνων

384 1971 453 2036 Ω
497 2010 583 2020 -
627 1983 1189 2062 καταγεγραμμένη
1232 1977 1253 2063 ΙΙ
1294 1986 1404 2045 καὶ
1447 2004 1666 2061 καταγ.
1725 1986 1884 2044 1324
1933 2016 2014 2027 --

379 2075 417 2158 ἣ
464 2076 657 2144 εἰκών
760 2100 877 2142 om.
921 2076 959 2164 ἡ
1012 2078 1058 2142 Γ
1108 2087 1269 2145 1324
1315 2086 1365 2145 Β
1417 2117 1492 2127 -

388 2178 661 2262 γράφου.
711 2182 730 2266 ΙΙ
772 2181 991 2265 γράφε.
1036 2190 1195 2247 1324
1242 2184 1500 2268 γράφου
1543 2184 1657 2264 τὰς
1686 2212 1738 2252 τ.
1767 2210 1866 2269 χρ.
1902 2189 1952 2248 Β
1980 2220 2062 2231 --
2089 2182 2328 2267 ἥμερον

388 2280 407 2362 ΙΙ
446 2281 757 2367 ἡμέτερον
802 2282 871 2346 Ω
916 2322 997 2332 —-
1042 2285 1204 2369 αὕτη
1248 2285 1269 2371 ΙΙ
1312 2295 1420 2352 καὶ
1465 2287 1626 2370 αὐτὴ
1674 2294 1832 2349 1324
1864 2291 1914 2350 Β
1959 2325 2042 2335 -
2095 2298 2330 2354 Θεανοῖ

386 2383 405 2467 ΙΙ
454 2396 661 2452 Θανοῖ
713 2383 781 2448 Ω
838 2424 918 2435 --
981 2387 1195 2472 ’Λρήτη
1240 2388 1259 2472 ΙΙ
1302 2399 1408 2473 τῆι
1453 2389 1568 2473 Ἄρ.
1616 2393 1668 2452 Β
1723 2425 1806 2435 -
1863 2399 1941 2471 τῇ
1990 2396 2267 2472 θυγατρὶ
2311 2389 2330 2473 ΙΙ

388 2510 502 2552 om.
548 2500 627 2572 τῇ
654 2493 710 2551 Α
756 2528 835 2537 —-
881 2495 942 2557 εἴ
977 2519 1073 2570 τις
1118 2492 1279 2576 ἀλλη
1334 2492 1355 2577 ΙΙ
1397 2496 1457 2558 εἴ
1493 2518 1561 2558 τε
1601 2492 1764 2575 ἄλλη
1797 2490 1866 2554 Ω
1910 2528 1994 2538 -
2039 2490 2327 2575 ἐσωφρό-

387 2612 539 2673 νησε
579 2591 601 2676 fl
643 2592 1040 2678 ἐσωφρόνισε
1086 2590 1135 2655 Γ

386 2703 499 2777 τῆς
558 2694 988 2780 σωφροσύνης
1016 2750 1030 2764 .
1065 2750 1078 2763 .
1115 2749 1127 2763 .
1167 2695 1256 2775 ὡς
1310 2696 1474 2763 κατὰ
1515 2697 1536 2782 ΙΙ
1576 2718 1692 2760 om.
1735 2700 1791 2759 A
1842 2732 1926 2743 ——
1981 2694 2099 2779 τὴν
2156 2706 2327 2778 περί-

385 2820 601 2879 φρονα
642 2797 659 2880 ΙΙ
705 2819 820 2861 om.
876 2798 993 2882 τὴν
1050 2797 1119 2862 Ω
1177 2837 1259 2847 —-
1315 2802 1680 2878 ἔμπροσθεν
1724 2798 1744 2884 ΙΙ
1785 2797 2073 2883 πρόσθεν
2117 2795 2184 2860 Ω
2244 2837 2326 2846 --

384 2899 641 2979 ἔχουσιν
670 2898 691 2982 ΙΙ
719 2902 1055 2981 ἴσχουσινῗ
1078 2905 1129 2964 Β
1148 2937 1234 2946 -
1256 2900 1421 2967 κατὰ
1443 2906 1599 2985 μέρη
1623 2900 1641 2984 ΙΙ
1662 2909 1767 2967 καὶ
1791 2900 1870 2967 τὰ
1887 2927 1948 2980 μ.
1979 2897 2030 2961 Γ
2061 2907 2220 2965 1324
2243 2936 2326 2947 --

387 3005 553 3081 λέγω
614 3008 679 3067 δὲ
734 3001 819 3069 τὸ
862 3002 881 3086 ΙΙ
925 3013 979 3070 λ.
1044 3011 1093 3071 δ.
1142 3030 1237 3070 τω
1282 3001 1350 3066 Ω
1408 3015 1462 3071 λ.
1515 3011 1564 3070 δ.
1615 3014 1733 3070 τῶι
1785 3010 1945 3068 1324
1990 3008 2040 3067 Β
2094 3039 2176 3049 -
2222 3006 2326 3068 ἐπὶ

384 3103 699 3190 εὐπραξίᾳ
739 3101 759 3189 ΙΙ
804 3105 915 3171 ἐπ’
959 3106 1273 3191 εὐπραξίᾳ
1316 3111 1372 3170 Α
1424 3110 1527 3173 ἐπὶ
1583 3117 1673 3189 τῇ
1732 3108 1866 3173 εύπ.
1934 3103 1984 3167 Γ
2033 3112 2195 3170 1324
2241 3146 2325 3155 -

382 3212 840 3289 περιβαλέσθαι
870 3207 894 3292 ΙΙ
927 3207 1425 3293 περιβάλλεσθαι
1468 3215 1543 3292 A,
1591 3207 1638 3270 Γ
1699 3247 1781 3259 ·—
1830 3210 2260 3277 πιστεύσασαν
2309 3212 2327 3295 ΙΙ

382 3307 812 3375 πιστεύσαντα
871 3308 938 3372 Ω
1004 3346 1087 3357 —
1155 3310 1504 3392 φυλάττειν
1637 3313 1945 3394 φυλάττει
2001 3311 2051 3374 Γ
2111 3349 2192 3359 -
2247 3322 2326 3393 τῇ

382 3408 539 3492 τύχῃ
583 3411 603 3496 ΙΙ
632 3422 709 3495 τῆ
763 3422 937 3497 ψυχῆ
993 3410 1061 3475 Ω
1118 3450 1197 3459 --
1259 3420 1562 3482 ἰσοπέδου
1603 3413 1623 3500 ΙΙ
1667 3419 1961 3481 ἐσιπέδου
2021 3420 2180 3479 1324
2239 3450 2319 3459 -

382 3525 726 3597 προσιοῦσι
838 3528 1219 3600 προσιοῦσιν
1275 3516 1325 3579 Γ
1387 3556 1465 3565 --
1525 3526 1884 3603 δημοτικῶς
1923 3515 1944 3601 ΙΙ
1986 3514 2326 3601 δημοτικός

389 3622 551 3679 1324
600 3654 679 3663 -
726 3626 832 3684 καὶ
877 3623 961 3686 ἐκ.
1008 3649 1061 3688 τ.
1113 3621 1165 3687 ὁ.
1216 3647 1278 3687 π.
1329 3620 1348 3705 ΙΙ
1391 3643 1506 3684 om.
1552 3628 1660 3686 καὶ
1707 3626 1866 3683 1324
1913 3656 1994 3666 —-
2041 3618 2175 3705 ὅσῳ
2207 3673 2221 3686 .
2255 3672 2317 3685 ..

383 3721 810 3798 ἐμφαίνουσιν
854 3722 873 3806 ss
916 3743 1031 3786 om.
1089 3729 1143 3786 A
1204 3760 1283 3769 -—
1340 3734 1436 3811 τῶ
1491 3750 1551 3802 μ.
1616 3730 1665 3790 δ.
1713 3722 1734 3808 ΙΙ
1775 3721 1852 3789 τὸ
1907 3750 1968 3801 μ.
2032 3729 2086 3789 δ.
2146 3718 2195 3782 Γ
2245 3759 2312 3765 ·-··

382 3821 550 3888 ἀλλὰ
606 3821 625 3905 ΙΙ
682 3823 846 3890 ἀλλὰ
900 3834 1008 3891 καὶ
1065 3823 1370 3890 ΩΓ1324
1401 3830 1451 3889 Β
1496 3862 1578 3872 —-
1639 3825 1814 3910 παρὰ
1857 3825 1877 3908 ΙΙ
1918 3834 2062 3909 περὶ
2113 3822 2181 3887 Ω
2241 3862 2318 3869 --

382 3924 568 3995 οὗτοι
597 3928 615 4013 ΙΙ
644 3926 821 3996 οὕτω
852 3928 922 3992 Ω
954 3968 1035 3977 -
1065 3930 1441 4013 διαφύγοιεν
1543 3930 1982 4013 διαφύγωμεν,
2023 3953 2321 4013 suprascr.

384 4057 453 4097 εν
500 4028 551 4092 Γ
601 4068 675 4078 -
724 4034 863 4099 οὐδ.
908 4033 1028 4117 γὰρ
1073 4033 1201 4111 ἂνΙΙ
1231 4056 1345 4098 om.
1391 4034 1474 4101 ἂν
1518 4039 1568 4098 Β
1615 4073 1695 4083 —-·
1740 4037 1870 4118 ὁρᾷ
1899 4037 1917 4116 ΙΙ
1947 4035 2124 4115 ὁρῶν
2164 4043 2322 4100 1324
