2750 4534
1127 281 1399 334 ΕΡΩΤΕΣ.
2254 285 2287 340 1
2298 286 2330 340 1

177 451 557 531 συνέζευξεν
597 444 927 538 ἀλλήλοις,
973 449 1235 535 θεσμὸν
1282 445 1565 538 ἀνάγκης
1610 443 1801 518 ὅσιον
1845 453 2335 540 καταγράψασα

173 558 405 637 μένειν
473 553 588 620 ἐπὶ
653 556 773 638 τῆς
829 551 1080 631 οἰκείας
1137 553 1401 641 φύσεως
1458 553 1797 639 ἑκάτερον,
1864 558 1974 622 καὶ
2031 555 2199 641 μήτε
2254 557 2329 622 τὸ

174 658 357 742 θῆλυ
426 653 614 737 παρὰ
683 654 888 742 φύσιν
951 648 1406 741 ἆρρενοῦσθαι
1470 656 1637 745 μήτε
1699 653 1937 743 τῖἷρρεν
2004 651 2332 743 ἆπρεπῶς

171 758 694 841 μαλακίζεσθαι.
773 755 885 824 διὰ
917 751 1119 824 τοῦθ’
1174 759 1245 824 αἱ
1278 757 1399 825 σὺν
1427 758 1725 847 γυναιξὶν
1772 753 2031 847 ἀνδρῶν
2066 757 2332 844 ὁμιλίαι

171 867 369 947 μέχρι
430 861 619 946 δεῦρο
678 858 794 925 τὸν
853 856 1290 942 ἀνθρώπινον
1345 867 1497 944 βίον
1552 855 1929 939 ἀθανάτοις
1988 861 2331 946 διαδοχαῖς

177 962 665 1050 φυλάττουσιν·
713 955 932 1038 οὐδεὶς
979 955 1044 1026 δ’
1099 955 1261 1051 ἆνὴρ
1309 957 1436 1029 ἀπ’
1477 958 1717 1048 ἀνδρὸς
1764 962 1950 1046 αὐχεῖ
1988 971 2328 1050 γενέσθαι.

69 1077 154 1127 420
175 1067 365 1133 δυοῖν
427 1059 490 1131 δ’
542 1059 902 1147 όνομάτοιν
947 1069 1343 1147 σεβασμίοιν
1402 1068 1625 1132 πᾶσαι
1667 1069 1859 1150 τιμαὶ
1904 1071 2216 1149 μένουσιν
2262 1068 2334 1146 ἐξ

172 1169 329 1235 ἰ’σου
377 1169 584 1251 πατρὶ
643 1170 896 1254 μητέρα
939 1166 1507 1249 προσκυνούντων.
1599 1173 1700 1234 20.
1746 1161 1892 1232 κατ’
1946 1161 2152 1250 αρχὰς
2200 1171 2322 1254 μὲν
2358 1181 2433 1236 20

175 1255 296 1337 οὖν
353 1263 470 1336 εἶθ’
533 1264 784 1356 ῆρωῖκὰ
843 1271 1113 1354 φρονῶν
1178 1264 1212 1333 o‘
1270 1274 1425 1352 βίος
1477 1272 1589 1335 καὶ
1654 1267 1771 1355 τὴν
1823 1274 2090 1355 γείτονα
2146 1274 2330 1338 θεῶν

176 1373 396 1457 σέβων
443 1367 682 1458 ἀρετὴν
727 1369 829 1448 οἷς
873 1369 1361 1458 ενομοθέτησεν
1417 1367 1456 1458 ἦ
1509 1370 1713 1458 φύσις
1758 1366 2170 1458 ἐπειθάρχει,
2217 1377 2328 1440 καὶ

173 1468 343 1541 καθ’
411 1469 670 1562 ἡλικίας
725 1476 934 1556 μέτρα
978 1471 1235 1557 γυναιξὶ
1297 1471 1713 1557 ζευγνύμενοι
1755 1480 2072 1558 γενναίων
2118 1481 2329 1542 πατέ-

173 1603 288 1662 ρες
334 1576 666 1663 ἐγίγνοντο
710 1579 989 1640 τέκνων·
1035 1573 1202 1640 κατὰ
1246 1574 1483 1662 μικρὸν
1530 1571 1595 1640 δ’
1633 1572 1667 1642 o‘
1698 1575 1934 1661 χρόνος
1980 1570 2109 1642 ἀπ’
2162 1576 2329 1645 ἐκεί-

172 1706 291 1747 νου
337 1681 456 1745 τοῦ
489 1681 818 1762 μεγέθους
863 1675 930 1754 ἐς
974 1675 1058 1741 τὰ
1104 1680 1224 1763 τῆς
1253 1673 1495 1766 ἡδονῆς
1540 1683 1964 1762 καταβαίνων
2005 1678 2328 1766 βάραθρα

173 1783 368 1861 ξένας
441 1776 638 1857 ὁδούς
709 1783 821 1845 καὶ
888 1780 1446 1872 παρηλλαγμένας
1522 1774 1964 1847 ἀπολαύσεων
2040 1781 2326 1866 ἔτεμνεν.

173 1877 319 1950 εἶθ’
373 1878 412 1971 ῆ
461 1880 684 1947 πάντα
727 1882 1043 1964 τολμῶσα
1087 1879 1304 1998 τρυφὴ
1361 1880 1480 1970 τὴν
1525 1881 1728 1968 φύσιν
1789 1876 1991 1969 αὐτὴν
2037 1885 2326 1971 παρενό-

170 2002 378 2074 μησε·
423 1989 537 2050 καί
578 2007 681 2060 τις
727 2009 856 2067 αρα
901 1985 1174 2068 πρῶτος
1218 1977 1610 2069 ὀφθαλμοῖς
1653 1981 1729 2050 τὸ
1766 1979 1967 2070 ἄρρεν
2013 1983 2187 2052 εἶδεν
2235 1982 2328 2064 ῶς

170 2090 388 2177 θῆλυ,
447 2086 630 2152 δυοῖν
671 2084 968 2168 θάτερον
1011 2074 1054 2173 ἢ
1098 2089 1500 2171 τυραννικῶς
1540 2085 1950 2170 βιασάμενος
1996 2078 2037 2175 ἢ
2082 2094 2326 2167 πείσας

171 2189 600 2274 πανούργως·
660 2188 953 2274 συνῆλθε
1011 2181 1074 2253 6'
1127 2186 1221 2265 εἷς
1265 2193 1428 2270 μίαν
1472 2195 1699 2277 κοίτην
1740 2195 1864 2273 μία
1911 2189 2145 2275 φύσις·
2206 2188 2325 2256 αὖ·

165 2292 325 2370 τοὺς
373 2285 437 2357 δ’
490 2315 558 2358 εν
603 2285 915 2380 ἀλλήλοις
961 2285 1248 2376 ὁρῶντες
1294 2284 1458 2356 ουθ’
1512 2318 1555 2356 α
1591 2291 1839 2377 δρῶσιν
1888 2287 2044 2358 ουθ’
2100 2321 2141 2358 α
2188 2294 2324 2360 πά-

170 2417 443 2477 σχουσιν
483 2387 787 2482 ᾐδοῦντο,
833 2390 1001 2458 κατὰ
1047 2396 1309 2478 πετρῶν
1357 2393 1448 2473 δέ,
1496 2400 1725 2480 φασίν,
1773 2388 2081 2480 [ἀγόνων]
2129 2401 2323 2462 σπεί-

167 2522 405 2582 ραντες
478 2490 704 2584 ὀλίγης
774 2491 1017 2583 ἡδονῆς
1083 2489 1730 2582 ἆντικατηλλάξαντο
1803 2497 2093 2585 μεγάλην
2161 2492 2321 2564 ἄδο-

67 2599 340 2677 421ξίαν.
431 2605 533 2664 21.
590 2597 854 2674 τούτοις
908 2621 982 2682 γε
1033 2595 1162 2682 μὴν
1226 2595 1292 2674 ἐς
1347 2601 1668 2663 τοσοῦτον
1725 2602 2114 2683 τυραννικῆς
2162 2605 2317 2682 βίας
2353 2610 2422 2664 21

163 2698 202 2786 ἦ
250 2700 472 2785 τόλμα
517 2706 928 2786 προέκοψεν,
976 2695 1068 2778 ὥς
1110 2704 1301 2786 μέχρι
1347 2700 1599 2788 σιδήρῳ
1645 2700 1763 2784 τὴν
1810 2699 2014 2788 φύσιν
2060 2701 2319 2783 ἱεροσυ-

167 2806 404 2891 λῆσαι·
451 2807 583 2868 τῶν
629 2797 692 2869 6³
733 2796 1028 2888 ἀρρένων
1070 2801 1146 2868 τὸ
1183 2797 1383 2888 άρρεν
1429 2801 1904 2881 εκκενωσαντες
1942 2797 2130 2889 εὗρον
2158 2799 2318 2890 ῆδο-

165 2910 280 2992 νῆς
328 2908 750 2987 παρέλκοντα
807 2905 1193 2990 μέτρα.οἱ
1252 2897 1317 2968 δ’
1372 2898 1615 2971 α’θλιοι
1668 2909 1779 2972 καὶ
1838 2905 2251 2988 δυστυχεῖς(
2234 2899 2310 2972 ι”ν

165 3006 282 3076 επὶ
334 3009 542 3073 πλέον
588 3029 717 3072 ωσι
761 3006 1030 3085 παῖδες,
1087 2999 1306 3071 οὗδὲ’
1287 3005 1389 3072 ε’τι
1431 2993 1746 3089 μένουσιν
1793 3003 2056 3093 ανδρες,
2105 3002 2319 3095 ἀμφί-

158 3112 368 3194 βολον
431 3109 704 3192 αἴνιγμα
772 3107 1015 3196 διπλῆς
1072 3106 1371 3195 φύσεως
1440 3101 1581 3173 οὔτ’
1648 3107 1745 3186 εἰς
1810 3106 1847 3176 ὃ
1905 3113 2319 3197 γεγέννηνται

161 3214 627 3300 φυλαχθέντες
673 3202 817 3274 ούτ’
872 3207 1132 3290 ἔχοντες
1179 3205 1292 3295 εφ’
1329 3206 1366 3274 ὃ
1399 3213 1799 3296 μετέβησαν·
1846 3209 1921 3276 τὸ
1957 3204 2019 3275 6’
2073 3233 2142 3276 εν
2173 3209 2316 3276 νεό-

157 3339 312 3400 τητι
359 3323 780 3396 παραμεῖναν
828 3305 1042 3388 ανθος
1097 3308 1164 3386 ἐς
1205 3313 1412 3398 γῆρας
1474 3309 1714 3388 αὐτοὺς
1769 3318 2084 3396 μαραίνει
2145 3306 2317 3394 πρό-

161 3440 357 3503 ωρον.
435 3439 575 3497 αμα
619 3437 744 3499 γαρ
791 3411 858 3478 ἐν
903 3413 1145 3478 παισὶν
1194 3405 1680 3495 ἀριθμοῦνται,
1727 3415 1837 3478 καὶ
1881 3411 2317 3500 γεγηράκασιν

159 3518 357 3586 οὐδὲν
419 3509 676 3601 ἆνδρῶν
736 3520 1126 3597 μεταίχμιον
1185 3512 1462 3596 ε’χοντες.
1563 3506 1773 3592 ου’τως
1837 3510 1875 3598 ἡ
1937 3513 2147 3598 μιαρὰ
2204 3516 2315 3580 καὶ

155 3615 422 3694 παντὸς
464 3619 668 3682 κακοῦ
699 3614 1100 3692 διδάσκαλος
1143 3614 1358 3704 τρυφὴ
1407 3611 1609 3703 α’λλην
1657 3609 1784 3681 ἀπ’
1826 3611 2028 3701 άλλης
2072 3612 2316 3703 ἡδονὰς

159 3717 639 3803 αναισχύντους
696 3717 1061 3785 ἓπινοοῦσα
1126 3723 1316 3803 μέχρι
1371 3722 1488 3804 τῆς
1547 3713 1705 3786 οὐδὲ
1764 3719 2055 3806 ῥηθῆναι
2116 3719 2313 3786 δυνα-

154 3828 362 3910 μένης
431 3814 784 3905 εὐπρεπῶς
859 3819 1056 3886 νόσου
1123 3819 1577 3900 κατώλισθεν,
1652 3820 1764 3886 ἵνα
1828 3820 2034 3908 μηδὲν
2108 3815 2315 3910 ἆγνοῇ

155 3930 362 4008 μέρος
409 3921 774 4008 ἀσελγείας.
864 3928 966 3988 22.
1023 3921 1082 3987 εἰ
1141 3915 1204 3986 δ’
1270 3915 1384 4006 ἐφ’
1449 3915 1541 3987 ῶν
1596 3917 1633 4007 ἡ
1683 3920 1972 4007 πρόνοια
2029 3927 2306 4007 θεσμῶν
2342 3930 2417 3986 22

65 4037 145 4087 422
167 4025 400 4105 ἔταξεν
443 4020 617 4113 ῆμᾶς
664 4023 939 4101 ἕκαστος
981 4022 1232 4105 ἵδρυτο,
1278 4037 1429 4101 ταῖς
1471 4022 1637 4105 μετὰ
1680 4027 2001 4109 γυναικῶν
2050 4014 2129 4090 ὄῖν
2159 4021 2310 4108 ὅμι-
