<?xml version="1.0" encoding="UTF-8"?>
<!DOCTYPE html PUBLIC "-//W3C//DTD XHTML 1.0 Transitional//EN"
    "http://www.w3.org/TR/xhtml1/DTD/xhtml1-transitional.dtd">
<html xmlns="http://www.w3.org/1999/xhtml" xml:lang="en" lang="en">
 <head>
  <title>
</title>
<meta http-equiv="Content-Type" content="text/html;charset=utf-8" />
  <meta name='ocr-system' content='tesseract 3.04.00' />
  <meta name='ocr-capabilities' content='ocr_page ocr_carea ocr_par ocr_line ocrx_word'/>
</head>
<body>
  <div class='ocr_page' id='page_1' title='image "./lucianus01sommgoog/lucianus01sommgoog_0035.png"; bbox 0 0 2750 4534; ppageno 0'>
   <div class='ocr_carea' id='block_1_1' title="bbox 1067 223 2293 302">
    <p class='ocr_par' dir='ltr' id='par_1_1' title="bbox 1067 223 2293 302">
     <span class='ocr_line' id='line_1_1' title="bbox 1067 223 2293 302; baseline 0.003 -4"><span class='ocrx_word' id='word_1_1' title='bbox 1067 245 1338 298; x_wconf 71' lang='grc' dir='ltr'><strong><em>ΕιὮΤΕΣ.</em></strong></span> <span class='ocrx_word' id='word_1_2' title='bbox 2196 223 2293 302; x_wconf 78' lang='grc'><strong><em>19</em></strong></span> 
     </span>
    </p>
   </div>
   <div class='ocr_carea' id='block_1_2' title="bbox 48 408 2392 3979">
    <p class='ocr_par' dir='ltr' id='par_1_2' title="bbox 48 408 2392 3979">
     <span class='ocr_line' id='line_1_2' title="bbox 143 408 2277 504; baseline 0.004 -28"><span class='ocrx_word' id='word_1_3' title='bbox 143 415 279 479; x_wconf 75' lang='grc' dir='ltr'><strong><em>θῶν</em></strong></span> <span class='ocrx_word' id='word_1_4' title='bbox 336 413 610 501; x_wconf 76' lang='grc' dir='ltr'><strong><em>ἐρημίαν</em></strong></span> <span class='ocrx_word' id='word_1_5' title='bbox 669 412 1138 492; x_wconf 81' lang='grc' dir='ltr'><strong><em>ἐπαινοῦντος·</em></strong></span> <span class='ocrx_word' id='word_1_6' title='bbox 1198 408 1427 501; x_wconf 78' lang='grc' dir='ltr'><em>ὀλίγου</em></span> <span class='ocrx_word' id='word_1_7' title='bbox 1487 415 1559 482; x_wconf 82' lang='grc' dir='ltr'><strong><em>δὲ</em></strong></span> <span class='ocrx_word' id='word_1_8' title='bbox 1602 411 1735 482; x_wconf 86' lang='grc' dir='ltr'><strong><em>ὖπό</em></strong></span> <span class='ocrx_word' id='word_1_9' title='bbox 1782 417 1899 504; x_wconf 87' lang='grc' dir='ltr'><strong><em>τῆς</em></strong></span> <span class='ocrx_word' id='word_1_10' title='bbox 1945 411 2109 500; x_wconf 71' lang='grc' dir='ltr'><strong><em>ἄγαν</em></strong></span> <span class='ocrx_word' id='word_1_11' title='bbox 2158 441 2277 502; x_wconf 83' lang='grc' dir='ltr'><strong><em>φι-</em></strong></span> 
     </span>
     <span class='ocr_line' id='line_1_3' title="bbox 141 509 2279 605; baseline 0.002 -27"><span class='ocrx_word' id='word_1_12' title='bbox 141 514 453 592; x_wconf 87' lang='grc' dir='ltr'><strong><em>λονεικίας</em></strong></span> <span class='ocrx_word' id='word_1_13' title='bbox 507 518 620 582; x_wconf 84' lang='grc' dir='ltr'><strong><em>καὶ</em></strong></span> <span class='ocrx_word' id='word_1_14' title='bbox 683 515 986 598; x_wconf 82' lang='grc' dir='ltr'><strong><em>μετενόει</em></strong></span> <span class='ocrx_word' id='word_1_15' title='bbox 1040 515 1393 601; x_wconf 86' lang='grc' dir='ltr'><strong><em>γενόμενος</em></strong></span> <span class='ocrx_word' id='word_1_16' title='bbox 1428 509 1695 605; x_wconf 50' lang='grc' dir='ltr'><strong><em>(Ἕλλην.</em></strong></span> <span class='ocrx_word' id='word_1_17' title='bbox 1794 516 1945 583; x_wconf 74' lang='grc' dir='ltr'><strong><em>οὐδὲ</em></strong></span> <span class='ocrx_word' id='word_1_18' title='bbox 2000 516 2124 603; x_wconf 78' lang='grc' dir='ltr'><strong><em>γὰρ</em></strong></span> <span class='ocrx_word' id='word_1_19' title='bbox 2185 517 2279 596; x_wconf 79' lang='grc' dir='ltr'><strong><em>ὥς</em></strong></span> 
     </span>
     <span class='ocr_line' id='line_1_4' title="bbox 139 613 2275 706; baseline 0.003 -26"><span class='ocrx_word' id='word_1_20' title='bbox 139 616 390 684; x_wconf 79' lang='grc' dir='ltr'><strong><em>ἐναντία</em></strong></span> <span class='ocrx_word' id='word_1_21' title='bbox 447 617 904 704; x_wconf 69' lang='grc' dir='ltr'><strong><em>φθεγγόμενος</em></strong></span> <span class='ocrx_word' id='word_1_22' title='bbox 961 617 1062 696; x_wconf 78' lang='grc' dir='ltr'><strong><em>οἷς</em></strong></span> <span class='ocrx_word' id='word_1_23' title='bbox 1120 617 1449 705; x_wconf 76' lang='grc' dir='ltr'><strong><em>ἐπεχείρει</em></strong></span> <span class='ocrx_word' id='word_1_24' title='bbox 1492 621 1737 705; x_wconf 84' lang='grc' dir='ltr'><strong><em>λέγειν,</em></strong></span> <span class='ocrx_word' id='word_1_25' title='bbox 1795 613 2275 706; x_wconf 82' lang='grc' dir='ltr'><strong><em>ῦπεσταλμένῳ</em></strong></span> 
     </span>
     <span class='ocr_line' id='line_1_5' title="bbox 137 713 2271 809; baseline 0.001 -25"><span class='ocrx_word' id='word_1_26' title='bbox 137 722 220 804; x_wconf 51' lang='grc' dir='ltr'><strong><em>τχιῦ</em></strong></span> <span class='ocrx_word' id='word_1_27' title='bbox 273 723 390 808; x_wconf 80' lang='grc' dir='ltr'><strong><em>τῆς</em></strong></span> <span class='ocrx_word' id='word_1_28' title='bbox 446 723 674 808; x_wconf 80' lang='grc' dir='ltr'><strong><em>φωνῆς</em></strong></span> <span class='ocrx_word' id='word_1_29' title='bbox 727 720 902 808; x_wconf 83' lang='grc' dir='ltr'><strong><em>τόνῳ</em></strong></span> <span class='ocrx_word' id='word_1_30' title='bbox 945 720 1020 789; x_wconf 89' lang='grc' dir='ltr'>τὸ</span> <span class='ocrx_word' id='word_1_31' title='bbox 1082 722 1290 809; x_wconf 80' lang='grc' dir='ltr'><strong><em>ῥηθὲν</em></strong></span> <span class='ocrx_word' id='word_1_32' title='bbox 1333 720 1678 802; x_wconf 71' lang='grc' dir='ltr'><strong><em>ἐκλεπτεν,</em></strong></span> <span class='ocrx_word' id='word_1_33' title='bbox 1736 713 1887 786; x_wconf 74' lang='grc' dir='ltr'><strong><em>ἀλλ’</em></strong></span> <span class='ocrx_word' id='word_1_34' title='bbox 1940 720 2271 809; x_wconf 84' lang='grc' dir='ltr'><strong><em>ἐπηρμένῃ</em></strong></span> 
     </span>
     <span class='ocr_line' id='line_1_6' title="bbox 137 823 2275 912; baseline 0.001 -26"><span class='ocrx_word' id='word_1_35' title='bbox 137 832 314 909; x_wconf 84' lang='grc' dir='ltr'><strong><em>φωνῇ</em></strong></span> <span class='ocrx_word' id='word_1_36' title='bbox 372 823 808 910; x_wconf 79' lang='grc' dir='ltr'><strong><em>λαρυγγίζων,</em></strong></span> <span class='ocrx_word' id='word_1_37' title='bbox 875 824 1012 890; x_wconf 79' lang='grc' dir='ltr'><strong><em>Οὐκ</em></strong></span> <span class='ocrx_word' id='word_1_38' title='bbox 1068 823 1302 907; x_wconf 81' lang='grc' dir='ltr'><strong><em>ἐρῶσι,</em></strong></span> <span class='ocrx_word' id='word_1_39' title='bbox 1361 830 1601 912; x_wconf 90' lang='grc' dir='ltr'><strong><em>φησίν,</em></strong></span> <span class='ocrx_word' id='word_1_40' title='bbox 1660 823 1963 912; x_wconf 88' lang='grc' dir='ltr'><strong><em>α’λλήλων</em></strong></span> <span class='ocrx_word' id='word_1_41' title='bbox 2016 824 2275 901; x_wconf 82' lang='grc' dir='ltr'><strong><em>λέοντες</em></strong></span> 
     </span>
     <span class='ocr_line' id='line_1_7' title="bbox 136 916 2273 1014; baseline 0.002 -27"><span class='ocrx_word' id='word_1_42' title='bbox 136 916 266 988; x_wconf 68' lang='grc' dir='ltr'><strong><em>οὔδ’</em></strong></span> <span class='ocrx_word' id='word_1_43' title='bbox 319 919 546 1006; x_wconf 72' lang='grc' dir='ltr'><strong><em>ἄρκτοι</em></strong></span> <span class='ocrx_word' id='word_1_44' title='bbox 578 928 690 992; x_wconf 84' lang='grc' dir='ltr'><strong><em>καὶ</em></strong></span> <span class='ocrx_word' id='word_1_45' title='bbox 735 925 904 1006; x_wconf 89' lang='grc' dir='ltr'><strong><em>σύες,</em></strong></span> <span class='ocrx_word' id='word_1_46' title='bbox 951 919 1102 991; x_wconf 71' lang='grc' dir='ltr'><strong><em>ἀλλ’</em></strong></span> <span class='ocrx_word' id='word_1_47' title='bbox 1156 919 1374 992; x_wconf 81' lang='grc' dir='ltr'><strong><em>αῦτῶν</em></strong></span> <span class='ocrx_word' id='word_1_48' title='bbox 1419 923 1458 1014; x_wconf 80' lang='grc' dir='ltr'>ἡ</span> <span class='ocrx_word' id='word_1_49' title='bbox 1504 924 1679 1011; x_wconf 89' lang='grc' dir='ltr'><strong><em>πρὸς</em></strong></span> <span class='ocrx_word' id='word_1_50' title='bbox 1722 925 1798 992; x_wconf 83' lang='grc' dir='ltr'><strong><em>τὸ</em></strong></span> <span class='ocrx_word' id='word_1_51' title='bbox 1846 927 2023 1014; x_wconf 80' lang='grc' dir='ltr'><strong><em>θῆλυ</em></strong></span> <span class='ocrx_word' id='word_1_52' title='bbox 2066 924 2273 1009; x_wconf 88' lang='grc' dir='ltr'><strong><em>μόνον</em></strong></span> 
     </span>
     <span class='ocr_line' id='line_1_8' title="bbox 53 1023 2270 1114; baseline 0.003 -26"><span class='ocrx_word' id='word_1_53' title='bbox 53 1036 118 1084; x_wconf 80' lang='grc'><strong><em>437</em></strong></span> <span class='ocrx_word' id='word_1_54' title='bbox 134 1023 286 1110; x_wconf 79' lang='grc' dir='ltr'><strong><em>ὁρμὴ</em></strong></span> <span class='ocrx_word' id='word_1_55' title='bbox 331 1040 580 1109; x_wconf 84' lang='grc' dir='ltr'><strong><em>κρατεῖ.</em></strong></span> <span class='ocrx_word' id='word_1_56' title='bbox 667 1029 776 1094; x_wconf 80' lang='grc' dir='ltr'><strong><em>καὶ</em></strong></span> <span class='ocrx_word' id='word_1_57' title='bbox 823 1033 890 1093; x_wconf 88' lang='grc' dir='ltr'><strong><em>τί</em></strong></span> <span class='ocrx_word' id='word_1_58' title='bbox 932 1027 1370 1111; x_wconf 87' lang='grc' dir='ltr'><strong><em>θαυμαστόν,·</em></strong></span> <span class='ocrx_word' id='word_1_59' title='bbox 1427 1026 1468 1094; x_wconf 76' lang='grc' dir='ltr'><em>ἃ</em></span> <span class='ocrx_word' id='word_1_60' title='bbox 1520 1027 1645 1114; x_wconf 82' lang='grc' dir='ltr'><strong><em>γάρ</em></strong></span> <span class='ocrx_word' id='word_1_61' title='bbox 1690 1027 1759 1094; x_wconf 85' lang='grc' dir='ltr'><strong><em>ἐκ</em></strong></span> <span class='ocrx_word' id='word_1_62' title='bbox 1804 1029 2122 1114; x_wconf 85' lang='grc' dir='ltr'><strong><em>λογισμοῦ</em></strong></span> <span class='ocrx_word' id='word_1_63' title='bbox 2168 1029 2270 1095; x_wconf 90' lang='grc' dir='ltr'><strong><em>δι·-</em></strong></span> 
     </span>
     <span class='ocr_line' id='line_1_9' title="bbox 133 1123 2270 1218; baseline 0.003 -28"><span class='ocrx_word' id='word_1_64' title='bbox 133 1133 319 1205; x_wconf 87' lang='grc' dir='ltr'><strong><em>καίως</em></strong></span> <span class='ocrx_word' id='word_1_65' title='bbox 351 1123 434 1194; x_wconf 69' lang='grc' dir='ltr'><strong><em>ἄν</em></strong></span> <span class='ocrx_word' id='word_1_66' title='bbox 465 1153 570 1206; x_wconf 86' lang='grc' dir='ltr'><strong><em>τις</em></strong></span> <span class='ocrx_word' id='word_1_67' title='bbox 599 1128 837 1210; x_wconf 77' lang='grc' dir='ltr'><strong><em>ἕλοιτο,</em></strong></span> <span class='ocrx_word' id='word_1_68' title='bbox 882 1133 1092 1195; x_wconf 80' lang='grc' dir='ltr'><strong><em>ταῦτα</em></strong></span> <span class='ocrx_word' id='word_1_69' title='bbox 1137 1144 1281 1208; x_wconf 89' lang='grc' dir='ltr'><strong><em>τοῖς</em></strong></span> <span class='ocrx_word' id='word_1_70' title='bbox 1309 1128 1399 1218; x_wconf 83' lang='grc' dir='ltr'><strong><em>μὴ</em></strong></span> <span class='ocrx_word' id='word_1_71' title='bbox 1446 1131 1836 1213; x_wconf 80' lang='grc' dir='ltr'><strong><em>δυναμένοις</em></strong></span> <span class='ocrx_word' id='word_1_72' title='bbox 1880 1129 2270 1216; x_wconf 86' lang='grc' dir='ltr'><strong><em>λογίζεσθαι</em></strong></span> 
     </span>
     <span class='ocr_line' id='line_1_10' title="bbox 135 1221 2270 1320; baseline 0.003 -28"><span class='ocrx_word' id='word_1_73' title='bbox 135 1221 216 1294; x_wconf 77' lang='grc' dir='ltr'><strong><em>δι’</em></strong></span> <span class='ocrx_word' id='word_1_74' title='bbox 265 1222 647 1320; x_wconf 78' lang='grc' dir='ltr'><strong><em>ἀφροσύνην</em></strong></span> <span class='ocrx_word' id='word_1_75' title='bbox 693 1224 808 1297; x_wconf 79' lang='grc' dir='ltr'><strong><em>οὗκ</em></strong></span> <span class='ocrx_word' id='word_1_76' title='bbox 853 1230 1104 1298; x_wconf 74' lang='grc' dir='ltr'><strong><em>ἔνεστιν</em></strong></span> <span class='ocrx_word' id='word_1_77' title='bbox 1150 1231 1338 1314; x_wconf 73' lang='grc' dir='ltr'><strong><em>ἔχειν.</em></strong></span> <span class='ocrx_word' id='word_1_78' title='bbox 1426 1231 1580 1299; x_wconf 87' lang='grc' dir='ltr'><strong><em>ἐπεί</em></strong></span> <span class='ocrx_word' id='word_1_79' title='bbox 1622 1257 1731 1299; x_wconf 87' lang='grc' dir='ltr'><strong><em>τοι</em></strong></span> <span class='ocrx_word' id='word_1_80' title='bbox 1774 1230 2184 1320; x_wconf 78' lang='grc' dir='ltr'><strong><em>Προμηθεύς</em></strong></span> <span class='ocrx_word' id='word_1_81' title='bbox 2228 1221 2270 1320; x_wconf 82' lang='grc' dir='ltr'><em>ἢ</em></span> 
     </span>
     <span class='ocr_line' id='line_1_11' title="bbox 135 1327 2269 1421; baseline 0.003 -28"><span class='ocrx_word' id='word_1_82' title='bbox 135 1334 297 1397; x_wconf 77' lang='grc' dir='ltr'><strong><em>θεῶν</em></strong></span> <span class='ocrx_word' id='word_1_83' title='bbox 326 1357 431 1410; x_wconf 92' lang='grc' dir='ltr'><strong><em>τις</em></strong></span> <span class='ocrx_word' id='word_1_84' title='bbox 464 1327 665 1411; x_wconf 77' lang='grc' dir='ltr'><strong><em>ἄλλος</em></strong></span> <span class='ocrx_word' id='word_1_85' title='bbox 702 1331 762 1399; x_wconf 83' lang='grc' dir='ltr'><strong><em>εἰ</em></strong></span> <span class='ocrx_word' id='word_1_86' title='bbox 806 1336 958 1400; x_wconf 89' lang='grc' dir='ltr'><strong><em>νοῦν</em></strong></span> <span class='ocrx_word' id='word_1_87' title='bbox 1003 1331 1258 1421; x_wconf 74' lang='grc' dir='ltr'><strong><em>ἑκάστῳ</em></strong></span> <span class='ocrx_word' id='word_1_88' title='bbox 1305 1332 1451 1420; x_wconf 81' lang='grc' dir='ltr'><strong><em>ζώῳ</em></strong></span> <span class='ocrx_word' id='word_1_89' title='bbox 1496 1333 1867 1414; x_wconf 84' lang='grc' dir='ltr'><strong><em>συνέζευξεν</em></strong></span> <span class='ocrx_word' id='word_1_90' title='bbox 1912 1327 2269 1418; x_wconf 81' lang='grc' dir='ltr'><strong><em>ἇνθρώπι-</em></strong></span> 
     </span>
     <span class='ocr_line' id='line_1_12' title="bbox 134 1425 2269 1522; baseline 0.003 -26"><span class='ocrx_word' id='word_1_91' title='bbox 134 1457 258 1514; x_wconf 81' lang='grc' dir='ltr'><strong><em>νον,</em></strong></span> <span class='ocrx_word' id='word_1_92' title='bbox 318 1428 436 1500; x_wconf 69' lang='grc' dir='ltr'><strong><em>οὐκ</em></strong></span> <span class='ocrx_word' id='word_1_93' title='bbox 501 1425 580 1501; x_wconf 76' lang='grc' dir='ltr'><strong><em>όῖν</em></strong></span> <span class='ocrx_word' id='word_1_94' title='bbox 638 1434 878 1522; x_wconf 79' lang='grc' dir='ltr'><strong><em>ἐρημία</em></strong></span> <span class='ocrx_word' id='word_1_95' title='bbox 933 1439 1044 1502; x_wconf 85' lang='grc' dir='ltr'><strong><em>καὶ</em></strong></span> <span class='ocrx_word' id='word_1_96' title='bbox 1097 1441 1248 1521; x_wconf 87' lang='grc' dir='ltr'><strong><em>βίος</em></strong></span> <span class='ocrx_word' id='word_1_97' title='bbox 1304 1431 1525 1521; x_wconf 77' lang='grc' dir='ltr'><strong><em>ὄρειος</em></strong></span> <span class='ocrx_word' id='word_1_98' title='bbox 1578 1429 1818 1514; x_wconf 73' lang='grc' dir='ltr'><strong><em>αὖτοὺς</em></strong></span> <span class='ocrx_word' id='word_1_99' title='bbox 1875 1435 2269 1519; x_wconf 75' lang='grc' dir='ltr'><strong><em>ἐποίμαινεν</em></strong></span> 
     </span>
     <span class='ocr_line' id='line_1_13' title="bbox 133 1528 2267 1626; baseline 0.003 -28"><span class='ocrx_word' id='word_1_100' title='bbox 133 1528 267 1601; x_wconf 76' lang='grc' dir='ltr'><strong><em>οὐδὲ</em></strong></span> <span class='ocrx_word' id='word_1_101' title='bbox 324 1529 654 1625; x_wconf 75' lang='grc' dir='ltr'><strong><em>ἀλλήλους</em></strong></span> <span class='ocrx_word' id='word_1_102' title='bbox 707 1536 964 1626; x_wconf 67' lang='grc' dir='ltr'><strong><em>τροφὴν</em></strong></span> <span class='ocrx_word' id='word_1_103' title='bbox 1021 1534 1228 1624; x_wconf 85' lang='grc' dir='ltr'><strong><em>εἶχον,</em></strong></span> <span class='ocrx_word' id='word_1_104' title='bbox 1287 1537 1360 1616; x_wconf 83' lang='grc' dir='ltr'><strong><em>ἐξ</em></strong></span> <span class='ocrx_word' id='word_1_105' title='bbox 1412 1538 1563 1605; x_wconf 79' lang='grc' dir='ltr'><strong><em>ἰ’σου</em></strong></span> <span class='ocrx_word' id='word_1_106' title='bbox 1619 1537 1691 1604; x_wconf 83' lang='grc' dir='ltr'><strong><em>δὲ</em></strong></span> <span class='ocrx_word' id='word_1_107' title='bbox 1733 1534 1891 1625; x_wconf 81' lang='grc' dir='ltr'><strong><em>ἡμῖν</em></strong></span> <span class='ocrx_word' id='word_1_108' title='bbox 1939 1537 2084 1621; x_wconf 80' lang='grc' dir='ltr'><strong><em>ἱερὰ</em></strong></span> <span class='ocrx_word' id='word_1_109' title='bbox 2130 1538 2267 1605; x_wconf 87' lang='grc' dir='ltr'><strong><em>δει-</em></strong></span> 
     </span>
     <span class='ocr_line' id='line_1_14' title="bbox 130 1636 2392 1729; baseline 0.002 -27"><span class='ocrx_word' id='word_1_110' title='bbox 130 1636 396 1721; x_wconf 83' lang='grc' dir='ltr'><strong><em>μάμενοι</em></strong></span> <span class='ocrx_word' id='word_1_111' title='bbox 441 1642 556 1706; x_wconf 84' lang='grc' dir='ltr'><strong><em>καὶ</em></strong></span> <span class='ocrx_word' id='word_1_112' title='bbox 609 1645 816 1729; x_wconf 82' lang='grc' dir='ltr'><strong><em>μέσην</em></strong></span> <span class='ocrx_word' id='word_1_113' title='bbox 873 1639 1102 1707; x_wconf 77' lang='grc' dir='ltr'><strong><em>ἑστίαν</em></strong></span> <span class='ocrx_word' id='word_1_114' title='bbox 1145 1644 1278 1707; x_wconf 79' lang='grc' dir='ltr'><strong><em>τῶν</em></strong></span> <span class='ocrx_word' id='word_1_115' title='bbox 1337 1640 1527 1708; x_wconf 77' lang='grc' dir='ltr'><strong><em>ἰδίων</em></strong></span> <span class='ocrx_word' id='word_1_116' title='bbox 1574 1641 1845 1721; x_wconf 71' lang='grc' dir='ltr'><strong><em>ἕκαστος</em></strong></span> <span class='ocrx_word' id='word_1_117' title='bbox 1888 1640 2085 1708; x_wconf 81' lang='grc' dir='ltr'><strong><em>οἰκῶν</em></strong></span> <span class='ocrx_word' id='word_1_118' title='bbox 2128 1636 2262 1706; x_wconf 80' lang='grc' dir='ltr'><strong><em>ὕπὸ</em></strong></span> <span class='ocrx_word' id='word_1_119' title='bbox 2378 1680 2392 1695; x_wconf 85' lang='lat'><strong>·</strong></span> 
     </span>
     <span class='ocr_line' id='line_1_15' title="bbox 129 1742 2267 1831; baseline 0.003 -28"><span class='ocrx_word' id='word_1_120' title='bbox 129 1754 256 1818; x_wconf 88' lang='grc' dir='ltr'><strong><em>τοῖς</em></strong></span> <span class='ocrx_word' id='word_1_121' title='bbox 309 1756 564 1820; x_wconf 82' lang='grc' dir='ltr'><strong><em>κοινοῖς</em></strong></span> <span class='ocrx_word' id='word_1_122' title='bbox 619 1742 1088 1810; x_wconf 78' lang='grc' dir='ltr'><strong><em>ἐπολιτεύοντο</em></strong></span> <span class='ocrx_word' id='word_1_123' title='bbox 1135 1743 1388 1827; x_wconf 90' lang='grc' dir='ltr'><strong><em>νόμοις.</em></strong></span> <span class='ocrx_word' id='word_1_124' title='bbox 1475 1749 1544 1810; x_wconf 92' lang='grc' dir='ltr'><strong><em>τί</em></strong></span> <span class='ocrx_word' id='word_1_125' title='bbox 1602 1743 1678 1831; x_wconf 89' lang='grc' dir='ltr'><strong><em>δὴ</em></strong></span> <span class='ocrx_word' id='word_1_126' title='bbox 1727 1743 2145 1825; x_wconf 86' lang='grc' dir='ltr'><strong><em>παράδοξον,</em></strong></span> <span class='ocrx_word' id='word_1_127' title='bbox 2204 1743 2267 1810; x_wconf 80' lang='grc' dir='ltr'><strong><em>εἰ</em></strong></span> 
     </span>
     <span class='ocr_line' id='line_1_16' title="bbox 131 1841 2265 1934; baseline 0.001 -24"><span class='ocrx_word' id='word_1_128' title='bbox 131 1841 248 1928; x_wconf 73' lang='grc' dir='ltr'><strong><em>ζῷα</em></strong></span> <span class='ocrx_word' id='word_1_129' title='bbox 291 1849 408 1934; x_wconf 85' lang='grc' dir='ltr'><strong><em>τῆς</em></strong></span> <span class='ocrx_word' id='word_1_130' title='bbox 473 1845 738 1932; x_wconf 89' lang='grc' dir='ltr'><strong><em>φύσεως</em></strong></span> <span class='ocrx_word' id='word_1_131' title='bbox 781 1847 1146 1932; x_wconf 84' lang='grc' dir='ltr'><strong><em>κατάκριτα</em></strong></span> <span class='ocrx_word' id='word_1_132' title='bbox 1198 1847 1405 1934; x_wconf 84' lang='grc' dir='ltr'><strong><em>μηδὲν</em></strong></span> <span class='ocrx_word' id='word_1_133' title='bbox 1451 1841 1544 1913; x_wconf 74' lang='grc' dir='ltr'><strong><em>ὧν</em></strong></span> <span class='ocrx_word' id='word_1_134' title='bbox 1589 1848 1893 1933; x_wconf 80' lang='grc' dir='ltr'><strong><em>λογισμοὶ</em></strong></span> <span class='ocrx_word' id='word_1_135' title='bbox 1939 1851 2265 1932; x_wconf 84' lang='grc' dir='ltr'><strong><em>παρέχον·-</em></strong></span> 
     </span>
     <span class='ocr_line' id='line_1_17' title="bbox 128 1942 2262 2037; baseline 0.003 -29"><span class='ocrx_word' id='word_1_136' title='bbox 128 1970 225 2011; x_wconf 91' lang='grc' dir='ltr'><strong><em>ται</em></strong></span> <span class='ocrx_word' id='word_1_137' title='bbox 279 1946 469 2029; x_wconf 80' lang='grc' dir='ltr'><strong><em>παρὰ</em></strong></span> <span class='ocrx_word' id='word_1_138' title='bbox 513 1951 637 2034; x_wconf 77' lang='grc' dir='ltr'><strong><em>τῆς</em></strong></span> <span class='ocrx_word' id='word_1_139' title='bbox 683 1954 1010 2033; x_wconf 85' lang='grc' dir='ltr'><strong><em>προνοίας</em></strong></span> <span class='ocrx_word' id='word_1_140' title='bbox 1067 1950 1295 2032; x_wconf 83' lang='grc' dir='ltr'><strong><em>λαβεῖν</em></strong></span> <span class='ocrx_word' id='word_1_141' title='bbox 1353 1942 1761 2037; x_wconf 78' lang='grc' dir='ltr'><strong><em>ηὗτυχηκότα</em></strong></span> <span class='ocrx_word' id='word_1_142' title='bbox 1814 1947 2262 2037; x_wconf 82' lang='grc' dir='ltr'><strong><em>προσαφῄρη-</em></strong></span> 
     </span>
     <span class='ocr_line' id='line_1_18' title="bbox 127 2046 2265 2136; baseline 0.005 -28"><span class='ocrx_word' id='word_1_143' title='bbox 127 2071 223 2113; x_wconf 89' lang='grc' dir='ltr'><strong><em>ται</em></strong></span> <span class='ocrx_word' id='word_1_144' title='bbox 283 2048 455 2132; x_wconf 81' lang='grc' dir='ltr'><strong><em>μετὰ</em></strong></span> <span class='ocrx_word' id='word_1_145' title='bbox 512 2054 646 2116; x_wconf 76' lang='grc' dir='ltr'><strong><em>τῶν</em></strong></span> <span class='ocrx_word' id='word_1_146' title='bbox 714 2046 932 2118; x_wconf 71' lang='grc' dir='ltr'><strong><em>ἄλλων</em></strong></span> <span class='ocrx_word' id='word_1_147' title='bbox 987 2055 1099 2118; x_wconf 84' lang='grc' dir='ltr'><strong><em>καὶ</em></strong></span> <span class='ocrx_word' id='word_1_148' title='bbox 1156 2049 1278 2130; x_wconf 83' lang='grc' dir='ltr'><strong><em>τὰς</em></strong></span> <span class='ocrx_word' id='word_1_149' title='bbox 1335 2047 1615 2136; x_wconf 65' lang='grc' dir='ltr'><strong><em>ἄρρενας</em></strong></span> <span class='ocrx_word' id='word_1_150' title='bbox 1674 2051 2082 2136; x_wconf 69' lang='grc' dir='ltr'><strong><em>ἐπιθυμίαςς</em></strong></span> <span class='ocrx_word' id='word_1_151' title='bbox 2149 2046 2265 2118; x_wconf 76' lang='grc' dir='ltr'><strong><em>οὐκ</em></strong></span> 
     </span>
     <span class='ocr_line' id='line_1_19' title="bbox 129 2146 2262 2242; baseline 0.004 -29"><span class='ocrx_word' id='word_1_152' title='bbox 129 2146 312 2230; x_wconf 79' lang='grc' dir='ltr'><strong><em>ἐρῶσι</em></strong></span> <span class='ocrx_word' id='word_1_153' title='bbox 349 2154 632 2233; x_wconf 85' lang='grc' dir='ltr'><strong><em>λέοντες,</em></strong></span> <span class='ocrx_word' id='word_1_154' title='bbox 683 2147 835 2218; x_wconf 67' lang='grc' dir='ltr'><strong><em>οὐδὲ</em></strong></span> <span class='ocrx_word' id='word_1_155' title='bbox 863 2153 986 2238; x_wconf 84' lang='grc' dir='ltr'><strong><em>γὰρ</em></strong></span> <span class='ocrx_word' id='word_1_156' title='bbox 1019 2155 1548 2242; x_wconf 78' lang='grc' dir='ltr'><strong><em>φιλοσοφοῦσιν·</em></strong></span> <span class='ocrx_word' id='word_1_157' title='bbox 1597 2147 1710 2220; x_wconf 70' lang='grc' dir='ltr'><strong><em>οὐκ</em></strong></span> <span class='ocrx_word' id='word_1_158' title='bbox 1740 2152 1979 2239; x_wconf 80' lang='grc' dir='ltr'><strong><em>ἐρῶσιν</em></strong></span> <span class='ocrx_word' id='word_1_159' title='bbox 2010 2149 2262 2240; x_wconf 76' lang='grc' dir='ltr'><strong><em>ἒὲρκτοι,</em></strong></span> 
     </span>
     <span class='ocr_line' id='line_1_20' title="bbox 128 2249 2259 2342; baseline 0.003 -27"><span class='ocrx_word' id='word_1_160' title='bbox 128 2251 190 2318; x_wconf 86' lang='grc' dir='ltr'><strong><em>τὸ</em></strong></span> <span class='ocrx_word' id='word_1_161' title='bbox 252 2251 375 2339; x_wconf 84' lang='grc' dir='ltr'><strong><em>γὰρ</em></strong></span> <span class='ocrx_word' id='word_1_162' title='bbox 440 2253 508 2320; x_wconf 85' lang='grc' dir='ltr'><strong><em>ἐκ</em></strong></span> <span class='ocrx_word' id='word_1_163' title='bbox 565 2255 800 2342; x_wconf 86' lang='grc' dir='ltr'><strong><em>φιλίας</em></strong></span> <span class='ocrx_word' id='word_1_164' title='bbox 855 2254 1056 2321; x_wconf 86' lang='grc' dir='ltr'><strong><em>καλὸν</em></strong></span> <span class='ocrx_word' id='word_1_165' title='bbox 1115 2249 1230 2321; x_wconf 70' lang='grc' dir='ltr'><strong><em>οὔκ</em></strong></span> <span class='ocrx_word' id='word_1_166' title='bbox 1283 2255 1533 2322; x_wconf 78' lang='grc' dir='ltr'><strong><em>ἰ’σασιν.</em></strong></span> <span class='ocrx_word' id='word_1_167' title='bbox 1637 2249 2038 2341; x_wconf 74' lang='grc' dir='ltr'><strong><em>ἀνθρώποις</em></strong></span> <span class='ocrx_word' id='word_1_168' title='bbox 2093 2249 2157 2322; x_wconf 77' lang='grc' dir='ltr'><strong><em>δ’</em></strong></span> <span class='ocrx_word' id='word_1_169' title='bbox 2220 2253 2259 2342; x_wconf 85' lang='grc' dir='ltr'>ἡ</span> 
     </span>
     <span class='ocr_line' id='line_1_21' title="bbox 127 2348 2257 2445; baseline 0.002 -25"><span class='ocrx_word' id='word_1_170' title='bbox 127 2348 256 2433; x_wconf 78' lang='grc' dir='ltr'><strong><em>μετ’</em></strong></span> <span class='ocrx_word' id='word_1_171' title='bbox 319 2354 697 2445; x_wconf 78' lang='grc' dir='ltr'><strong><em>ἐπιστήμης</em></strong></span> <span class='ocrx_word' id='word_1_172' title='bbox 755 2355 1076 2445; x_wconf 86' lang='grc' dir='ltr'><strong><em>φρόνησις</em></strong></span> <span class='ocrx_word' id='word_1_173' title='bbox 1135 2355 1202 2423; x_wconf 82' lang='grc' dir='ltr'><strong><em>ἐκ</em></strong></span> <span class='ocrx_word' id='word_1_174' title='bbox 1259 2362 1376 2424; x_wconf 91' lang='grc' dir='ltr'><strong><em>τοῦ</em></strong></span> <span class='ocrx_word' id='word_1_175' title='bbox 1431 2357 1756 2436; x_wconf 85' lang='grc' dir='ltr'><strong><em>πολλάκις</em></strong></span> <span class='ocrx_word' id='word_1_176' title='bbox 1813 2361 2137 2441; x_wconf 83' lang='grc' dir='ltr'><strong><em>πειρᾶσαι</em></strong></span> <span class='ocrx_word' id='word_1_177' title='bbox 2180 2356 2257 2424; x_wconf 83' lang='grc' dir='ltr'><strong><em>τὸ</em></strong></span> 
     </span>
     <span class='ocr_line' id='line_1_22' title="bbox 127 2456 2261 2547; baseline 0.003 -27"><span class='ocrx_word' id='word_1_178' title='bbox 127 2456 466 2526; x_wconf 84' lang='grc' dir='ltr'><strong><em>κάλλιστον</em></strong></span> <span class='ocrx_word' id='word_1_179' title='bbox 539 2457 814 2547; x_wconf 77' lang='grc' dir='ltr'><strong><em>ἑλομένη</em></strong></span> <span class='ocrx_word' id='word_1_180' title='bbox 886 2460 1369 2545; x_wconf 78' lang='grc' dir='ltr'><strong><em>βεβαιοτάτους</em></strong></span> <span class='ocrx_word' id='word_1_181' title='bbox 1442 2460 1703 2546; x_wconf 87' lang='grc' dir='ltr'><strong><em>ἐρώτων</em></strong></span> <span class='ocrx_word' id='word_1_182' title='bbox 1772 2459 2039 2543; x_wconf 76' lang='grc' dir='ltr'><strong><em>ἐνόμισε</em></strong></span> <span class='ocrx_word' id='word_1_183' title='bbox 2104 2459 2261 2538; x_wconf 72' lang='grc' dir='ltr'><strong><em>τοὺς</em></strong></span> 
     </span>
     <span class='ocr_line' id='line_1_23' title="bbox 48 2550 2364 2650; baseline 0.002 -24"><span class='ocrx_word' id='word_1_184' title='bbox 48 2551 408 2644; x_wconf 71' lang='grc' dir='ltr'><strong><em>438ὅρρενας.</em></strong></span> <span class='ocrx_word' id='word_1_185' title='bbox 501 2566 603 2628; x_wconf 88' lang='grc'><strong><em>37.</em></strong></span> <span class='ocrx_word' id='word_1_186' title='bbox 655 2561 747 2650; x_wconf 85' lang='grc' dir='ltr'><strong><em>μὴ</em></strong></span> <span class='ocrx_word' id='word_1_187' title='bbox 803 2569 1058 2642; x_wconf 89' lang='grc' dir='ltr'><strong><em>τοίνυν,</em></strong></span> <span class='ocrx_word' id='word_1_188' title='bbox 1116 2550 1175 2628; x_wconf 78' lang='grc' dir='ltr'><em>ὦ</em></span> <span class='ocrx_word' id='word_1_189' title='bbox 1226 2564 1622 2649; x_wconf 80' lang='grc' dir='ltr'><strong><em>Χαρίκλεις,</em></strong></span> <span class='ocrx_word' id='word_1_190' title='bbox 1682 2555 2051 2630; x_wconf 72' lang='grc' dir='ltr'><strong><em>ἀκολάστου</em></strong></span> <span class='ocrx_word' id='word_1_191' title='bbox 2104 2569 2258 2646; x_wconf 87' lang='grc' dir='ltr'><strong><em>βίου</em></strong></span> <span class='ocrx_word' id='word_1_192' title='bbox 2293 2577 2364 2634; x_wconf 76' lang='lat'><strong><em>3⁰2</em></strong></span> 
     </span>
     <span class='ocr_line' id='line_1_24' title="bbox 132 2661 2262 2752; baseline 0.003 -28"><span class='ocrx_word' id='word_1_193' title='bbox 132 2663 554 2751; x_wconf 82' lang='grc' dir='ltr'><strong><em>συμφορήσας</em></strong></span> <span class='ocrx_word' id='word_1_194' title='bbox 625 2661 924 2749; x_wconf 76' lang='grc' dir='ltr'><strong><em>ἑταιρικὰ</em></strong></span> <span class='ocrx_word' id='word_1_195' title='bbox 1001 2665 1374 2752; x_wconf 78' lang='grc' dir='ltr'><strong><em>διηγήματα</em></strong></span> <span class='ocrx_word' id='word_1_196' title='bbox 1446 2668 1670 2751; x_wconf 76' lang='grc' dir='ltr'><strong><em>γυμνῷ</em></strong></span> <span class='ocrx_word' id='word_1_197' title='bbox 1735 2669 1832 2752; x_wconf 72' lang='grc' dir='ltr'><strong><em>τῷ</em></strong></span> <span class='ocrx_word' id='word_1_198' title='bbox 1906 2665 2079 2752; x_wconf 80' lang='grc' dir='ltr'><strong><em>λόγῳ</em></strong></span> <span class='ocrx_word' id='word_1_199' title='bbox 2143 2669 2262 2751; x_wconf 71' lang='grc' dir='ltr'><strong><em>τῆς</em></strong></span> 
     </span>
     <span class='ocr_line' id='line_1_25' title="bbox 130 2760 2262 2856; baseline 0.003 -30"><span class='ocrx_word' id='word_1_200' title='bbox 130 2764 512 2854; x_wconf 85' lang='grc' dir='ltr'><strong><em>σεμνότητος</em></strong></span> <span class='ocrx_word' id='word_1_201' title='bbox 553 2761 742 2852; x_wconf 78' lang='grc' dir='ltr'><strong><em>ἡμῶν</em></strong></span> <span class='ocrx_word' id='word_1_202' title='bbox 771 2765 1252 2850; x_wconf 83' lang='grc' dir='ltr'><strong><em>καταπόμπευε</em></strong></span> <span class='ocrx_word' id='word_1_203' title='bbox 1279 2767 1448 2856; x_wconf 80' lang='grc' dir='ltr'><strong><em>μηδὲ</em></strong></span> <span class='ocrx_word' id='word_1_204' title='bbox 1488 2766 1607 2834; x_wconf 87' lang='grc' dir='ltr'><strong><em>τὸν</em></strong></span> <span class='ocrx_word' id='word_1_205' title='bbox 1654 2760 1963 2852; x_wconf 83' lang='grc' dir='ltr'><strong><em>ούράνιον</em></strong></span> <span class='ocrx_word' id='word_1_206' title='bbox 1990 2763 2262 2853; x_wconf 77' lang='grc' dir='ltr'><strong><em>’Έρωτα</em></strong></span> 
     </span>
     <span class='ocr_line' id='line_1_26' title="bbox 129 2863 2260 2958; baseline 0.001 -24"><span class='ocrx_word' id='word_1_207' title='bbox 129 2869 208 2950; x_wconf 73' lang='grc' dir='ltr'><strong><em>τῷ</em></strong></span> <span class='ocrx_word' id='word_1_208' title='bbox 259 2874 483 2956; x_wconf 84' lang='grc' dir='ltr'><strong><em>νηπίῳ</em></strong></span> <span class='ocrx_word' id='word_1_209' title='bbox 539 2874 976 2954; x_wconf 84' lang='grc' dir='ltr'><strong><em>συναρίθμει,</em></strong></span> <span class='ocrx_word' id='word_1_210' title='bbox 1046 2869 1304 2956; x_wconf 84' lang='grc' dir='ltr'><strong><em>λογίζου</em></strong></span> <span class='ocrx_word' id='word_1_211' title='bbox 1363 2869 1437 2936; x_wconf 79' lang='grc' dir='ltr'><strong><em>δὲ</em></strong></span> <span class='ocrx_word' id='word_1_212' title='bbox 1493 2863 1628 2954; x_wconf 81' lang='grc' dir='ltr'><strong><em>ὀψὲ</em></strong></span> <span class='ocrx_word' id='word_1_213' title='bbox 1682 2871 1804 2954; x_wconf 81' lang='grc' dir='ltr'><strong><em>μὲν</em></strong></span> <span class='ocrx_word' id='word_1_214' title='bbox 1860 2865 2120 2958; x_wconf 80' lang='grc' dir='ltr'><strong><em>ἡλικίας</em></strong></span> <span class='ocrx_word' id='word_1_215' title='bbox 2175 2871 2260 2936; x_wconf 81' lang='grc' dir='ltr'><strong><em>τὰ</em></strong></span> 
     </span>
     <span class='ocr_line' id='line_1_27' title="bbox 127 2959 2258 3060; baseline 0.003 -29"><span class='ocrx_word' id='word_1_216' title='bbox 127 2975 385 3037; x_wconf 86' lang='grc' dir='ltr'><strong><em>τοιαῦτα</em></strong></span> <span class='ocrx_word' id='word_1_217' title='bbox 453 2972 1023 3055; x_wconf 74' lang='grc' dir='ltr'><strong><em>μεταμανθάνων,</em></strong></span> <span class='ocrx_word' id='word_1_218' title='bbox 1092 2971 1275 3056; x_wconf 75' lang='grc' dir='ltr'><strong><em>ὅμως</em></strong></span> <span class='ocrx_word' id='word_1_219' title='bbox 1342 2966 1405 3038; x_wconf 72' lang='grc' dir='ltr'><strong><em>δ’</em></strong></span> <span class='ocrx_word' id='word_1_220' title='bbox 1482 2959 1595 3038; x_wconf 86' lang='grc' dir='ltr'><strong><em>οῦν</em></strong></span> <span class='ocrx_word' id='word_1_221' title='bbox 1665 2971 1923 3059; x_wconf 84' lang='grc' dir='ltr'><strong><em>λογίζου</em></strong></span> <span class='ocrx_word' id='word_1_222' title='bbox 1989 2977 2102 3041; x_wconf 85' lang='grc' dir='ltr'><strong><em>νῦν</em></strong></span> <span class='ocrx_word' id='word_1_223' title='bbox 2166 2999 2258 3060; x_wconf 88' lang='grc' dir='ltr'><strong><em>γε,</em></strong></span> 
     </span>
     <span class='ocr_line' id='line_1_28' title="bbox 128 3066 2259 3160; baseline 0.005 -28"><span class='ocrx_word' id='word_1_224' title='bbox 128 3066 476 3159; x_wconf 85' lang='grc' dir='ltr'><strong><em>ἐπειδήπερ</em></strong></span> <span class='ocrx_word' id='word_1_225' title='bbox 535 3075 614 3141; x_wconf 76' lang='grc' dir='ltr'><strong><em>οὔ</em></strong></span> <span class='ocrx_word' id='word_1_226' title='bbox 673 3072 1032 3160; x_wconf 86' lang='grc' dir='ltr'><strong><em>πρότερον,</em></strong></span> <span class='ocrx_word' id='word_1_227' title='bbox 1087 3067 1194 3141; x_wconf 73' lang='grc' dir='ltr'><strong><em>ὅτι</em></strong></span> <span class='ocrx_word' id='word_1_228' title='bbox 1253 3075 1534 3154; x_wconf 87' lang='grc' dir='ltr'><strong><em>διπλοῦς</em></strong></span> <span class='ocrx_word' id='word_1_229' title='bbox 1589 3072 1758 3154; x_wconf 82' lang='grc' dir='ltr'><strong><em>θεὸς</em></strong></span> <span class='ocrx_word' id='word_1_230' title='bbox 1810 3071 2122 3160; x_wconf 76' lang='grc' dir='ltr'><strong><em>δ’Έρως,</em></strong></span> <span class='ocrx_word' id='word_1_231' title='bbox 2183 3070 2259 3142; x_wconf 79' lang='grc' dir='ltr'><strong><em>οὗ</em></strong></span> 
     </span>
     <span class='ocr_line' id='line_1_29' title="bbox 125 3169 2263 3264; baseline 0.004 -29"><span class='ocrx_word' id='word_1_232' title='bbox 125 3171 268 3238; x_wconf 80' lang='grc' dir='ltr'><strong><em>κατὰ</em></strong></span> <span class='ocrx_word' id='word_1_233' title='bbox 326 3181 490 3258; x_wconf 85' lang='grc' dir='ltr'><strong><em>μίαν</em></strong></span> <span class='ocrx_word' id='word_1_234' title='bbox 535 3171 693 3242; x_wconf 79' lang='grc' dir='ltr'><strong><em>ὁδὸν</em></strong></span> <span class='ocrx_word' id='word_1_235' title='bbox 755 3179 1009 3264; x_wconf 84' lang='grc' dir='ltr'><strong><em>φοιτῶν</em></strong></span> <span class='ocrx_word' id='word_1_236' title='bbox 1054 3169 1206 3243; x_wconf 77' lang='grc' dir='ltr'><strong><em>οῦδὲ</em></strong></span> <span class='ocrx_word' id='word_1_237' title='bbox 1258 3175 1354 3243; x_wconf 77' lang='grc' dir='ltr'><strong><em>ἑνὶ</em></strong></span> <span class='ocrx_word' id='word_1_238' title='bbox 1400 3176 1734 3261; x_wconf 77' lang='grc' dir='ltr'><strong><em>πνεύματι</em></strong></span> <span class='ocrx_word' id='word_1_239' title='bbox 1776 3176 1898 3256; x_wconf 81' lang='grc' dir='ltr'><strong><em>τὰς</em></strong></span> <span class='ocrx_word' id='word_1_240' title='bbox 1941 3177 2263 3264; x_wconf 85' lang='grc' dir='ltr'><strong><em>ἡμετέρας</em></strong></span> 
     </span>
     <span class='ocr_line' id='line_1_30' title="bbox 129 3271 2260 3366; baseline 0.003 -28"><span class='ocrx_word' id='word_1_241' title='bbox 129 3273 321 3355; x_wconf 80' lang='grc' dir='ltr'><strong><em>ψυχὰς</em></strong></span> <span class='ocrx_word' id='word_1_242' title='bbox 369 3275 710 3363; x_wconf 76' lang='grc' dir='ltr'><strong><em>ἐρεθίζων,</em></strong></span> <span class='ocrx_word' id='word_1_243' title='bbox 756 3271 904 3344; x_wconf 76' lang='grc' dir='ltr'><strong><em>ἀλλ’</em></strong></span> <span class='ocrx_word' id='word_1_244' title='bbox 955 3273 992 3344; x_wconf 80' lang='grc' dir='ltr'><em>ὃ</em></span> <span class='ocrx_word' id='word_1_245' title='bbox 1037 3283 1176 3362; x_wconf 89' lang='grc' dir='ltr'><strong><em>μέν,</em></strong></span> <span class='ocrx_word' id='word_1_246' title='bbox 1225 3274 1316 3357; x_wconf 78' lang='grc' dir='ltr'><strong><em>ὥς</em></strong></span> <span class='ocrx_word' id='word_1_247' title='bbox 1361 3275 1463 3360; x_wconf 75' lang='grc' dir='ltr'><strong><em>ἄν,</em></strong></span> <span class='ocrx_word' id='word_1_248' title='bbox 1511 3275 1720 3362; x_wconf 89' lang='grc' dir='ltr'><strong><em>οἶμαι,</em></strong></span> <span class='ocrx_word' id='word_1_249' title='bbox 1767 3280 2006 3366; x_wconf 84' lang='grc' dir='ltr'><strong><em>κομιδῇ</em></strong></span> <span class='ocrx_word' id='word_1_250' title='bbox 2050 3279 2260 3366; x_wconf 89' lang='grc' dir='ltr'><strong><em>νήπια</em></strong></span> 
     </span>
     <span class='ocr_line' id='line_1_31' title="bbox 128 3373 2258 3468; baseline 0.002 -26"><span class='ocrx_word' id='word_1_251' title='bbox 128 3381 403 3460; x_wconf 81' lang='grc' dir='ltr'><strong><em>φρονῶν,</em></strong></span> <span class='ocrx_word' id='word_1_252' title='bbox 475 3373 744 3458; x_wconf 70' lang='grc' dir='ltr'><strong><em>οὐδενὸς</em></strong></span> <span class='ocrx_word' id='word_1_253' title='bbox 809 3374 1014 3449; x_wconf 69' lang='grc' dir='ltr'><strong><em>αὐτοῦ</em></strong></span> <span class='ocrx_word' id='word_1_254' title='bbox 1077 3379 1196 3468; x_wconf 87' lang='grc' dir='ltr'><strong><em>τὴν</em></strong></span> <span class='ocrx_word' id='word_1_255' title='bbox 1263 3380 1570 3448; x_wconf 88' lang='grc' dir='ltr'><strong><em>διάνοιαν</em></strong></span> <span class='ocrx_word' id='word_1_256' title='bbox 1634 3378 1919 3468; x_wconf 81' lang='grc' dir='ltr'><strong><em>ἡνιοχεῖν</em></strong></span> <span class='ocrx_word' id='word_1_257' title='bbox 1976 3381 2258 3464; x_wconf 84' lang='grc' dir='ltr'><strong><em>δυναμέ-</em></strong></span> 
     </span>
     <span class='ocr_line' id='line_1_32' title="bbox 131 3477 2259 3571; baseline 0.003 -28"><span class='ocrx_word' id='word_1_258' title='bbox 131 3501 228 3543; x_wconf 80' lang='grc' dir='ltr'><strong><em>νου</em></strong></span> <span class='ocrx_word' id='word_1_259' title='bbox 269 3482 606 3567; x_wconf 87' lang='grc' dir='ltr'><strong><em>λογισμοῦ,</em></strong></span> <span class='ocrx_word' id='word_1_260' title='bbox 653 3482 864 3560; x_wconf 82' lang='grc' dir='ltr'><strong><em>πολὺς</em></strong></span> <span class='ocrx_word' id='word_1_261' title='bbox 893 3480 962 3551; x_wconf 90' lang='grc' dir='ltr'><strong><em>ἐν</em></strong></span> <span class='ocrx_word' id='word_1_262' title='bbox 992 3496 1144 3562; x_wconf 88' lang='grc' dir='ltr'><strong><em>ταῖς</em></strong></span> <span class='ocrx_word' id='word_1_263' title='bbox 1182 3487 1314 3550; x_wconf 83' lang='grc' dir='ltr'><strong><em>τιῦν</em></strong></span> <span class='ocrx_word' id='word_1_264' title='bbox 1359 3478 1675 3571; x_wconf 74' lang='grc' dir='ltr'><strong><em>ἀφρόνων</em></strong></span> <span class='ocrx_word' id='word_1_265' title='bbox 1719 3496 1967 3568; x_wconf 85' lang='grc' dir='ltr'><strong><em>ψυχαῖς</em></strong></span> <span class='ocrx_word' id='word_1_266' title='bbox 2012 3477 2259 3563; x_wconf 80' lang='grc' dir='ltr'><strong><em>ἀθροί-</em></strong></span> 
     </span>
     <span class='ocr_line' id='line_1_33' title="bbox 133 3575 2257 3671; baseline 0.002 -28"><span class='ocrx_word' id='word_1_267' title='bbox 133 3575 321 3663; x_wconf 85' lang='grc' dir='ltr'><strong><em>ζεται,</em></strong></span> <span class='ocrx_word' id='word_1_268' title='bbox 377 3583 674 3666; x_wconf 86' lang='grc' dir='ltr'><strong><em>μάλιστα</em></strong></span> <span class='ocrx_word' id='word_1_269' title='bbox 728 3584 798 3650; x_wconf 85' lang='grc' dir='ltr'><strong><em>δὲ</em></strong></span> <span class='ocrx_word' id='word_1_270' title='bbox 845 3577 1026 3670; x_wconf 70' lang='grc' dir='ltr'><strong><em>αὐτῷ</em></strong></span> <span class='ocrx_word' id='word_1_271' title='bbox 1067 3598 1432 3671; x_wconf 88' lang='grc' dir='ltr'><strong><em>γυναικεῖοι</em></strong></span> <span class='ocrx_word' id='word_1_272' title='bbox 1475 3585 1697 3651; x_wconf 90' lang='grc' dir='ltr'><strong><em>πόθοι</em></strong></span> <span class='ocrx_word' id='word_1_273' title='bbox 1737 3586 2082 3667; x_wconf 86' lang='grc' dir='ltr'><strong><em>μέλουσιν·</em></strong></span> <span class='ocrx_word' id='word_1_274' title='bbox 2143 3577 2257 3648; x_wconf 77' lang='grc' dir='ltr'><strong><em>οὗ·</em></strong></span> 
     </span>
     <span class='ocr_line' id='line_1_34' title="bbox 131 3678 2257 3776; baseline 0.002 -30"><span class='ocrx_word' id='word_1_275' title='bbox 131 3678 227 3758; x_wconf 85' lang='grc' dir='ltr'><strong><em>τός</em></strong></span> <span class='ocrx_word' id='word_1_276' title='bbox 278 3683 456 3752; x_wconf 87' lang='grc' dir='ltr'><strong><em>ἐστιν</em></strong></span> <span class='ocrx_word' id='word_1_277' title='bbox 501 3683 535 3752; x_wconf 84' lang='grc' dir='ltr'><em>ὃ</em></span> <span class='ocrx_word' id='word_1_278' title='bbox 580 3689 699 3776; x_wconf 85' lang='grc' dir='ltr'><strong><em>τῆς</em></strong></span> <span class='ocrx_word' id='word_1_279' title='bbox 745 3686 1077 3775; x_wconf 83' lang='grc' dir='ltr'><strong><em>ἐφημέρου</em></strong></span> <span class='ocrx_word' id='word_1_280' title='bbox 1120 3686 1364 3775; x_wconf 89' lang='grc' dir='ltr'><strong><em>ταύτης</em></strong></span> <span class='ocrx_word' id='word_1_281' title='bbox 1406 3681 1659 3773; x_wconf 62' lang='grc' dir='ltr'><strong><em>ὕβρεως</em></strong></span> <span class='ocrx_word' id='word_1_282' title='bbox 1701 3685 1963 3768; x_wconf 80' lang='grc' dir='ltr'><strong><em>ἑταῖρος</em></strong></span> <span class='ocrx_word' id='word_1_283' title='bbox 2006 3680 2257 3773; x_wconf 81' lang='grc' dir='ltr'><strong><em>άκρίτῳ</em></strong></span> 
     </span>
     <span class='ocr_line' id='line_1_35' title="bbox 131 3783 2257 3876; baseline 0.002 -26"><span class='ocrx_word' id='word_1_284' title='bbox 131 3789 288 3876; x_wconf 73' lang='grc' dir='ltr'><strong><em>φορᾷ</em></strong></span> <span class='ocrx_word' id='word_1_285' title='bbox 343 3788 514 3874; x_wconf 85' lang='grc' dir='ltr'><strong><em>πρὸς</em></strong></span> <span class='ocrx_word' id='word_1_286' title='bbox 569 3789 644 3856; x_wconf 83' lang='grc' dir='ltr'><strong><em>τὸ</em></strong></span> <span class='ocrx_word' id='word_1_287' title='bbox 690 3789 1095 3875; x_wconf 87' lang='grc' dir='ltr'><strong><em>βουλόμενον</em></strong></span> <span class='ocrx_word' id='word_1_288' title='bbox 1141 3785 1340 3876; x_wconf 76' lang='grc' dir='ltr'><strong><em>ἄγων.</em></strong></span> <span class='ocrx_word' id='word_1_289' title='bbox 1431 3788 1652 3875; x_wconf 76' lang='grc' dir='ltr'><strong><em>ἕτερος</em></strong></span> <span class='ocrx_word' id='word_1_290' title='bbox 1700 3789 1771 3854; x_wconf 81' lang='grc' dir='ltr'><strong><em>δὲ</em></strong></span> <span class='ocrx_word' id='word_1_291' title='bbox 1802 3785 2019 3874; x_wconf 72' lang='grc' dir='ltr'><strong><em>’Ἑρως</em></strong></span> <span class='ocrx_word' id='word_1_292' title='bbox 2056 3783 2257 3875; x_wconf 82' lang='grc' dir='ltr'><strong><em>Ὠγυ-</em></strong></span> 
     </span>
     <span class='ocr_line' id='line_1_36' title="bbox 129 3890 2255 3979; baseline 0.002 -25"><span class='ocrx_word' id='word_1_293' title='bbox 129 3892 267 3967; x_wconf 83' lang='grc' dir='ltr'><strong><em>γίων</em></strong></span> <span class='ocrx_word' id='word_1_294' title='bbox 309 3890 532 3977; x_wconf 90' lang='grc' dir='ltr'><strong><em>πατὴρ</em></strong></span> <span class='ocrx_word' id='word_1_295' title='bbox 575 3890 846 3978; x_wconf 81' lang='grc' dir='ltr'><strong><em>χρόνων,</em></strong></span> <span class='ocrx_word' id='word_1_296' title='bbox 893 3891 1133 3976; x_wconf 87' lang='grc' dir='ltr'><strong><em>σεμνὸν</em></strong></span> <span class='ocrx_word' id='word_1_297' title='bbox 1179 3891 1488 3979; x_wconf 79' lang='grc' dir='ltr'><strong><em>ὀφθῆναι</em></strong></span> <span class='ocrx_word' id='word_1_298' title='bbox 1528 3897 1641 3958; x_wconf 85' lang='grc' dir='ltr'><strong><em>καὶ</em></strong></span> <span class='ocrx_word' id='word_1_299' title='bbox 1686 3890 2032 3959; x_wconf 76' lang='grc' dir='ltr'><strong><em>πάντοθεν</em></strong></span> <span class='ocrx_word' id='word_1_300' title='bbox 2080 3893 2255 3979; x_wconf 80' lang='grc' dir='ltr'><strong><em>ἱερο-</em></strong></span> 
     </span>
    </p>
   </div>
   <div class='ocr_carea' id='block_1_3' title="bbox 133 3988 2256 4132">
    <p class='ocr_par' dir='ltr' id='par_1_3' title="bbox 133 3988 2256 4132">
     <span class='ocr_line' id='line_1_37' title="bbox 133 3988 2256 4081; baseline 0.004 -30"><span class='ocrx_word' id='word_1_301' title='bbox 133 3993 360 4072; x_wconf 78' lang='grc' dir='ltr'><strong><em>πρεπὲς</em></strong></span> <span class='ocrx_word' id='word_1_302' title='bbox 402 3998 665 4077; x_wconf 86' lang='grc' dir='ltr'><strong><em>θέαμα,</em></strong></span> <span class='ocrx_word' id='word_1_303' title='bbox 727 3993 1252 4081; x_wconf 82' lang='grc' dir='ltr'><strong><em>σωφρονούντων</em></strong></span> <span class='ocrx_word' id='word_1_304' title='bbox 1297 4000 1545 4079; x_wconf 90' lang='grc' dir='ltr'><strong><em>ταμίας</em></strong></span> <span class='ocrx_word' id='word_1_305' title='bbox 1589 3997 1843 4060; x_wconf 77' lang='grc' dir='ltr'><strong><em>παθῶν</em></strong></span> <span class='ocrx_word' id='word_1_306' title='bbox 1885 3988 2061 4079; x_wconf 68' lang='grc' dir='ltr'><strong><em>ἤπια</em></strong></span> <span class='ocrx_word' id='word_1_307' title='bbox 2106 4008 2256 4070; x_wconf 86' lang='grc' dir='ltr'><strong><em>ταῖς</em></strong></span> 
     </span>
     <span class='ocr_line' id='line_1_38' title="bbox 1877 4095 1947 4132; baseline 0 -8"><span class='ocrx_word' id='word_1_308' title='bbox 1877 4095 1947 4132; x_wconf 63' lang='grc' dir='ltr'><strong><em>ο*</em></strong></span> 
     </span>
    </p>
   </div>
   <div class='ocr_carea' id='block_1_4' title="bbox 1876 4131 1906 4147">
    <p class='ocr_par' dir='ltr' id='par_1_4' title="bbox 1876 4131 1906 4147">
     <span class='ocr_line' id='line_1_39' title="bbox 1876 4131 1906 4147; baseline 0 0"><span class='ocrx_word' id='word_1_309' title='bbox 1876 4131 1906 4147; x_wconf 57' lang='lat' dir='ltr'>fl</span> 
     </span>
    </p>
   </div>
  </div>
 </body>
</html>
