2750 4534
839 271 1124 325 ΟΝΕΙΡΟΣ
1159 272 1198 322 H
1235 267 1637 323 ΑΛΕΚΤΡΥΩΝ.
2186 263 2307 323 123

25 453 129 503 708
328 443 533 504 MIK.
630 440 764 507 Τὸν
809 439 1140 530 σοφιστὴν
1187 442 1415 525 λέγεις,
1460 436 1577 504 τὸν
1609 428 1917 516 ἀλαζόνα,
1964 432 2039 511 ὃς
2071 433 2305 516 ἐνομο-

145 542 347 604 θέτει
404 539 571 625 μήτε
615 544 816 626 κρεῶν
874 541 1202 627 γεύεσθαι
1258 540 1424 629 μήτε
1465 537 1756 621 κυάμους
1809 534 2100 615 ἐσθίειν,
2156 528 2306 621 η’δι-

145 661 310 705 στον
357 638 509 723 ἐμοὶ
550 646 706 727 γοῦν
749 639 930 727 όψον
974 642 1377 729 ἐκτράπεζον
1426 634 1849 760 ἀποφαίνων,
1897 637 1995 705 ε’τι
2040 636 2112 701 δὲ
2150 642 2302 701 πεί-

141 746 297 807 θων
342 743 501 819 τοὺς
546 738 956 829 ἀνθρώπους
1001 745 1069 822 ἐς
1111 750 1313 811 πέντε
1358 742 1468 830 ἐτη
1514 740 1601 829 μὴ
1652 742 2121 824 διαλέγεσθαι,-

317 847 615 912 ΑΛΕΚ.
674 842 860 915 ’Ἰσθι
891 849 1060 937 δῆτα
1103 841 1385 925 κάκεῖνο,
1433 841 1527 922 ὥς
1558 842 1691 928 πρὸ
1738 846 1854 909 τοῦ
1886 839 2299 925 Πυθαγόρου

141 941 503 1032 Ευφορβος
546 952 824 1033 γένοιτο.

317 1054 524 1116 ΜΙΚ.
616 1051 706 1117 Γ
670 1077 835 1138 οητα
869 1073 1042 1139 φασι
1083 1055 1195 1119 καὶ
1225 1074 1665 1134 τερατουργον
1710 1043 1873 1134 [τὸν]
1906 1041 2295 1129 ἄνθρωπον,

141 1135 196 1212 ὠ
247 1148 637 1236 ἀλεκτρυών.

314 1257 611 1320 AAEK.
687 1245 971 1331 Ἐκεῖνος
1015 1247 1214 1331 αὐτὸς
1259 1252 1385 1340 ἐγω
1434 1259 1545 1319 σοί
1588 1252 1727 1335 εἶμι
1776 1247 1812 1316 ὁ
1860 1248 2293 1334 Πυθαγόρας,

141 1346 320 1419 ω’στε
364 1349 555 1436 παῦ’,
603 1342 863 1441 ωγαθέ,
915 1354 1425 1441 λοιδορούμενός
1467 1378 1585 1438 μοι
1628 1355 1740 1419 καὶ
1783 1354 1995 1416 ταῦτα
2039 1344 2155 1417 οὐκ
2201 1350 2293 1415 εἷ·-

141 1454 278 1533 δώς
323 1455 467 1535 οἶός
509 1481 614 1535 τις
655 1448 734 1546 ἦν
779 1456 894 1524 τὸν
938 1457 1210 1543 τρόπον.

313 1564 520 1623 ΜΙΚ.
647 1553 834 1625 Τοῦτ’
918 1556 1000 1625 αὖ
1071 1584 1300 1645 μακρῳ
1381 1557 1629 1625 ἐκείνου
1702 1555 2291 1640 τερατωδέστερον,

137 1653 518 1745 ἀλεκτρυών
562 1661 960 1749 φιλόσοφος.
1048 1661 1198 1727 εἰπὲ
1244 1660 1392 1727 δὲ”
1350 1685 1550 1744 ομως,
1598 1686 1651 1723 ω
1687 1658 2093 1785 Μνησάρχου
2140 1670 2289 1736 παῖ,

34 1754 336 1839 ’709όπως
389 1758 548 1849 ἡμῖν
607 1758 754 1829 ἀντὶ
811 1764 934 1846 μὲν
993 1758 1364 1846 ἀνθρώπου
1419 1760 1629 1848 όρνις,
1700 1754 1845 1828 ἀντὶ
1904 1760 1977 1832 δὲ
2032 1765 2289 1842 Σαμίου

141 1862 563 1951 Ταναγρικὸς
636 1859 1105 1952 ἀναπέφηνας·
1183 1859 1259 1931 οὗ
1325 1862 1597 1931 πιθανὰ
1672 1862 1798 1950 γὰρ
1863 1866 2071 1929 ταῦτα
2138 1860 2289 1929 οὐδὲ

131 1964 316 2031 πάνυ
365 1968 723 2031 πιστεῦσαι
770 1965 989 2054 ῥᾴδια,
1045 1966 1197 2032 ἐπεὶ
1239 1968 1350 2031 καὶ
1396 1959 1664 2059 δύ’οἤδη
1712 1990 1829 2046 μοι
1871 1971 2289 2052 τετηρηκέναι

132 2066 315 2133 δοκῶ
359 2067 539 2133 πάνυ
586 2066 655 2134 ἐν
701 2071 809 2134 σοὶ
857 2061 1178 2152 ἀλλότρια
1219 2075 1338 2134 τοῦ
1382 2067 1815 2152 Πυθαγόρου.

303 2173 602 2236 ΑΛΕΚ.
696 2169 796 2236 Τὰ
843 2184 1044 2253 ποῖα,·

303 2277 510 2337 ΜΙΚ.
568 2270 682 2339 Ἐν
724 2266 915 2355 μὲν(
890 2266 997 2339 ότι
1043 2272 1243 2349 λάλος
1288 2268 1346 2337 εἶ
1385 2274 1496 2338 καὶ
1538 2272 1901 2357 κρακτικός,
1946 2298 1981 2339 ο
2017 2272 2091 2339 δὲ
2122 2295 2283 2339 σιω-

128 2377 273 2439 πᾶν
319 2372 388 2451 ἐς
433 2379 634 2441 πέντε
678 2368 802 2441 όλα
848 2374 962 2495 ε’τη
1007 2372 1196 2458 οἶμαι
1242 2397 1547 2461 παρηνει,
1595 2373 1816 2460 ε’τερον
1862 2375 1934 2440 δὲ
1962 2378 2073 2441 καὶ
2112 2401 2283 2440 παν-

123 2477 342 2552 τελιῦς
401 2470 969 2561 παράνομον·οὗ
1026 2475 1152 2563 γὰρ
1211 2476 1374 2559 ἔχων
1432 2502 1465 2541 ο
1514 2502 1581 2541 τι
1640 2498 1751 2542 σοι
1794 2476 2278 2561 παραβάλοιμι,

123 2577 424 2662 κυάμους
463 2580 630 2661 χθὲς
674 2573 831 2667 ἧκον
876 2575 967 2655 ὥς
1011 2576 1222 2645 οἶσθα
1268 2579 1465 2662 έχων,
1520 2581 1631 2644 καὶ
1680 2576 1759 2643 σὺ
1807 2577 1996 2644 οὐδὲν
2038 2579 2278 2666 μελλή-

126 2704 255 2758 σας
316 2674 631 2759 ἀνέλεξας
690 2679 960 2759 αυτούς·
1019 2675 1190 2747 ὥστε
1245 2708 1285 2769 η
1332 2681 1677 2765 ἐψεῦσθαί
1720 2703 1831 2747 σοι
1878 2674 2121 2769 ἀνάγκη
2166 2684 2275 2747 καὶ

127 2777 310 2869 ἄλλῳ
372 2778 547 2849 εἶναι
610 2772 652 2871 ἢ
709 2782 1091 2871 Πυθαγόρᾳ
1155 2778 1300 2850 ὄντι
1358 2788 1975 2869 παρανενομηκέναι
2028 2785 2139 2848 καὶ
2198 2784 2273 2849 τὸ

27 2900 110 2949 710
127 2884 281 2950 ἰ’σον
325 2878 720 2973 ἠσεβηκέναι
763 2885 1054 2968 κυάμους
1111 2886 1412 2972 φαγόντα
1458 2881 1550 2963 ὥς
1594 2874 1675 2951 ἀν
1720 2885 1779 2951 εἰ
1822 2883 1941 2975 τὴν
1984 2885 2277 2974 κεφαλὴν

121 2990 244 3052 τοῦ
286 2986 553 3070 πατρὸς
597 2985 946 3075 ἐδηδόκεις.

298 3094 356 3153 5.
400 3091 694 3154 ΑΛΕΚ.
795 3082 888 3156 Οὐ
944 3087 1069 3175 γὰρ
1125 3085 1367 3170 οἶσθα,
1428 3076 1481 3154 αἶ
1534 3090 1820 3171 Μικύλε,
1880 3083 2026 3180 ἥτις
2086 3091 2269 3159 αἰτία
2304 3104 2340 3157 5

119 3188 380 3255 τούτων
429 3182 583 3255 οὖδὲ
625 3188 709 3255 τὰ
756 3190 1120 3277 πρόσφορα
1163 3189 1421 3277 ἑκάστῳ
1464 3197 1614 3279 βίῳ.
1691 3190 1813 3278 ἐγώ
1863 3193 1934 3258 δὲ
1962 3188 2113 3259 τότε
2152 3195 2273 3277 μὲν

121 3285 241 3357 οὖκ
286 3286 539 3378 ἤσθιον
595 3296 724 3357 τῶν
781 3292 1082 3375 κυάμων,
1143 3291 1599 3379 ἐφιλοσόφουν
1643 3293 1803 3380 γάρ·
1862 3298 1972 3362 νῦν
2020 3296 2091 3362 δὲ
2138 3297 2271 3384 φά-

117 3386 294 3478 γοιμ’
353 3388 452 3473 ἄν,
501 3386 809 3481 ὀρνιθικὴ
855 3391 981 3480 γὰρ
1025 3397 1137 3459 καὶ
1184 3392 1297 3460 οὐκ
1341 3390 1721 3481 ἀπόρρητος
1764 3392 1919 3483 ἡμῖν
1962 3394 2268 3485 ἥτροφή.

119 3494 300 3581 πλὴν
350 3489 501 3560 ἀλλ’
555 3494 621 3561 εἴ
649 3517 759 3561 σοι
791 3497 1009 3583 φίλον,
1059 3492 1254 3562 ἐὲκουε
1284 3489 1474 3574 ὅπως
1520 3497 1589 3562 ἐκ
1617 3498 2027 3585 Πυθαγόρου
2072 3503 2267 3565 τοῦτο

118 3600 234 3663 νῦν
267 3596 409 3680 εἰμι
452 3601 560 3664 καὶ
608 3596 677 3663 ἐν
704 3589 896 3674 ὅσοις
936 3602 1115 3681 βίοις
1159 3598 1486 3682 πρότερον
1532 3597 1877 3683 ἐβιότευσα
1920 3604 2027 3667 καὶ
2076 3595 2270 3667 ἅτινα

116 3703 238 3787 τῆς
282 3701 659 3785 μεταβολῆς
703 3698 982 3787 ἑκάστης
1026 3693 1468 3767 ἀπολέλαυκα.

291 3807 498 3867 ΜΙΚ.
599 3805 855 3885 Λέγοις
922 3797 1034 3868 ἄν·
1103 3798 1194 3881 ὥς
1250 3803 1473 3887 ἔμοιγε
1536 3799 1981 3888 ὑπερήδιστον
2050 3796 2129 3871 ὃν
2186 3808 2261 3875 τὸ

119 3902 428 3987 ἄκουσμα
483 3908 776 3989 γένοιτο,
840 3898 1014 3971 ὥστε
1070 3906 1137 3971 εἴ
1173 3929 1276 3983 τις
1323 3905 1580 3993 αἵρεσιν
1626 3910 1949 3995 προθείη,
2011 3908 2266 3997 πότερα

115 4006 374 4089 μᾶλλον
432 4004 652 4071 ἐθέλω
709 4010 832 4072 σοῦ
877 4000 1141 4074 ἀκούειν
1196 4004 1280 4072 τὰ
1323 4010 1603 4074 τοιαῦτα
1661 4007 2022 4087 διεξιόντος
2062 4004 2105 4098 ἢ
2148 4018 2265 4084 τὸν
