2750 4534
1059 267 1358 321 mmm-32.
2199 267 2281 326 35

157 439 255 502 καὶ
307 429 904 522 ἀπομαραίνεσθαι
961 436 1385 523 ἐλεγχόμενόν
1441 461 1514 504 τε
1556 439 1666 503 καὶ
1716 430 2127 524 ἀσχημονοῦν
2170 441 2282 506 καὶ

156 531 294 624 παρ’
329 530 522 616 άξίαν
567 536 766 605 συνὸν
809 543 1074 628 πονηρᾷ
1116 565 1251 607 τινι
1296 539 1618 626 δεσποίνῃ
1662 541 1746 626 τῇ
1790 541 1990 625 ψυχῇ.
2063 543 2173 608 καὶ
2208 541 2286 608 αἵ

153 664 215 723 γε
261 642 560 707 τοιαῦται
617 633 852 725 ὅμοιαί
905 665 1027 726 μοι
1084 641 1354 708 δοκοῦσι
1395 653 1539 720 τοῖς
1580 639 1995 726 Αἰγυπτίοις
2042 642 2280 728 ἱεροῖς·

151 733 316 809 κᾶκεῑ
368 741 493 828 γὰρ
554 736 754 821 αὐτὸς
809 743 930 826 μὲν
989 739 1024 808 ὃ
1073 741 1237 822 νειὸς
1280 741 1635 822 κάλλιστός
1677 767 1751 811 τε
1794 744 1903 810 καὶ
1947 747 2279 831 μέγιστος,

152 843 359 921 λίθοις
412 857 557 923 τοῖς
612 846 1049 912 πολυτελέσιν
1105 838 1471 932 ἠσκημένος
1528 847 1637 912 καὶ
1688 847 1907 932 χρυσῷ
1958 848 2069 912 καὶ
2126 870 2280 933 γρα-

150 959 294 1030 φαῖς
338 946 842 1034 διηνθισμένος,
900 947 1088 1014 ἔνδον
1145 947 1218 1014 δὲ
1273 936 1355 1036 ἢν
1412 945 1604 1035 ζητῇς
1647 945 1764 1014 τὸν
1805 945 2007 1027 θεόν,
2071 936 2115 1032 ἢ
2157 953 2279 1014 πί-

148 1049 338 1137 θηκός
381 1049 562 1117 ἐστιν
589 1040 634 1139 ἢ
677 1047 812 1136 ἶβις
842 1041 885 1138 ἢ
912 1049 1153 1136 τράγος
1193 1039 1237 1135 ἢ
1268 1050 1599 1135 α’ίλουρος.
1672 1049 1992 1126 τοιαύτας
2019 1049 2278 1128 πολλὰς

149 1149 294 1218 ἰδεῖν
338 1152 538 1220 ἔστιν.
630 1145 706 1218 οὗ
752 1158 974 1219 τοίνυν
1027 1146 1286 1240 ἀπόχρη
1344 1150 1421 1218 τὸ
1480 1147 1747 1234 κάλλος,
1806 1142 1847 1240 ἢ
1890 1150 1979 1237 μὴ
2025 1155 2277 1237 κοσμῆ-

145 1278 242 1320 ται
282 1267 421 1334 τοῖς
470 1254 1198 1344 δικαίοις’κοσμήμασι,
1248 1255 1417 1340 λέγω
1462 1252 1541 1343 δὴ
1588 1247 1705 1320 οῦκ
1749 1253 2007 1342 ἐσθῆτι
2035 1251 2277 1344 ἁλουρ-

143 1368 232 1438 γεῖ
279 1359 387 1422 καὶ
444 1349 712 1441 ὅρμοις,
781 1351 931 1424 ἀλλ’
985 1355 1087 1436 οἷς
1146 1369 1480 1443 προεῖπον
1538 1355 1846 1437 ἐκείνοις,
1906 1349 2108 1444 ἀρετῇ
2164 1359 2275 1423 καὶ

64 1469 130 1518 4ῖο
146 1458 522 1547 σωφροσύνῃ
580 1462 692 1526 καὶ
749 1458 1078 1546 ἐπιεικείᾳ
1119 1462 1232 1527 καὶ
1275 1460 1771 1548 φιλανθρωπίᾳ
1814 1460 1923 1525 καὶ
1969 1471 2110 1536 τοῖς
2156 1453 2275 1523 ἅλ-

142 1561 284 1638 λοις,
328 1557 561 1628 ὁπόσα
603 1565 721 1650 τῆς
765 1565 979 1650 ψυχῆς
1025 1554 1182 1644 ὅρος
1224 1559 1425 1629 ἐστίν.

295 1669 388 1730 12.
434 1670 661 1730 AYK.
727 1657 996 1746 Οὐκοῦν,
1042 1649 1098 1729 ὦ
1144 1663 1599 1749 Πολύστρατε,
1644 1676 1880 1746 μοῖτον
1927 1655 2075 1728 άντὶ
2115 1666 2271 1746 μοί·
2307 1669 2377 1724 12

138 1789 236 1830 του
279 1761 574 1850 ἄμειψαι
630 1769 728 1853 τῷ
783 1759 963 1852 αὐτῷ
1007 1771 1262 1854 μέτρῳ,
1315 1772 1561 1854 φασίν,
1619 1756 1663 1856 ἢ
1705 1768 1818 1832 καὶ
1863 1764 2097 1843 λώϊον,
2158 1763 2272 1829 δύ-

140 1891 318 1935 νασαι
359 1868 523 1956 γάρ,
581 1876 696 1936 καί
747 1895 900 1936 τινα
958 1868 1179 1936 εἰκόνα
1233 1867 1667 1956 γραψάμενος
1708 1871 1826 1956 τῆς
1871 1871 2085 1956 ψυχῆς
2130 1865 2272 1933 ἐπί-

140 1967 350 2051 δειξον,
397 1967 492 2049 ὥς
535 1970 628 2059 μὴ
675 1971 747 2049 ἐξ
785 1967 1100 2060 ἡμισείας
1141 1971 1563 2056 θαυμάζοιμι
1610 1966 1834 2059 αῦτήν.

286 2078 514 2142 ΠΟΛ.
594 2067 688 2142 Οῦ
731 2074 986 2161 μικρόν,
1032 2060 1087 2139 ὦ
1131 2072 1371 2160 ἑταῖρε,
1416 2073 1493 2141 τὸ
1544 2067 1892 2160 ἀγώνισμα
1936 2071 2273 2156 προστάτ-

136 2194 281 2251 τεις·
327 2170 404 2242 οὗ
443 2175 572 2263 γὰρ
617 2171 852 2260 ὅμοιον
896 2175 971 2243 τὸ
1019 2179 1198 2243 πᾶσι
1241 2177 1589 2264 προφανὲς
1632 2175 1987 2243 ἐπαινέσαι
2031 2176 2140 2241 καὶ
2185 2171 2269 2239 τὰ

138 2271 329 2365 ἄδηλα
389 2275 763 2366 ἐμφανίσαι
819 2282 916 2365 τῷ
963 2277 1160 2365 λόγῳ.
1247 2286 1362 2345 καί
1404 2304 1524 2365 μοι
1570 2278 1741 2346 δοκῶ
1788 2280 2113 2362 συνεργῶν
2158 2277 2270 2341 καὶ

141 2370 316 2458 αὐτὸς
346 2375 722 2470 δεήσεσθαι
751 2379 928 2468 πρὸς
969 2379 1090 2470 τὴν
1135 2380 1376 2462 εἰκόνα,
1424 2376 1499 2448 οὗ
1546 2382 1867 2447 πλαστῶν
1912 2373 2067 2446 οῦδὲ
2108 2401 2271 2464 γρα-

138 2485 298 2563 φέων
353 2482 597 2569 μόνον,
657 2477 827 2549 ἆλλὰ
883 2485 996 2550 καὶ
1053 2484 1482 2572 φιλοσόφων,
1540 2479 1633 2562 ὥς
1685 2480 1861 2568 πρὸς
1902 2479 2059 2557 τοὺς
2102 2478 2270 2546 ἑκεί-

135 2607 247 2648 νων
299 2583 588 2662 κανόνας
645 2578 1030 2652 ἀπευθῦναι
1086 2583 1162 2652 τὸ
1211 2581 1479 2670 ἄγαλμα
1521 2588 1633 2652 καὶ
1680 2583 1895 2661 δεῖξαι
1938 2579 2105 2647 κατὰ
2149 2578 2269 2667 τὴν

137 2676 394 2768 ἆρχαίαν
426 2686 799 2774 πλαστικὴν
835 2691 1458 2772 κατεσκευασμένον.
1547 2692 1645 2754 13.
1688 2687 1801 2753 καὶ
1848 2681 1927 2772 δὴ
1974 2681 2269 2767 πεποιή-
2301 2689 2376 2746 18

53 2787 116 2838 ⁴⁷1
136 2789 289 2853 σθω.
379 2785 717 2875 αὐδήεσσα
760 2788 882 2873 μὲν
924 2787 1000 2856 τὸ
1047 2792 1317 2875 πρῶτον
1359 2792 1474 2857 καὶ
1519 2791 1762 2875 λίγεια,
1808 2789 1917 2853 καὶ
1962 2784 2070 2865 τό,
2114 2786 2270 2870 γλυ-

133 2893 274 2953 κίων
301 2891 575 2972 μέλιτος
619 2888 757 2957 ἀπὸ
788 2894 906 2980 τῆς
947 2889 1240 2979 γλώττης
1284 2893 1445 2976 περὶ
1492 2885 1691 2978 αὐτῆς
1726 2890 1983 2974 μᾶλλον
2025 2877 2065 2976 ἢ
2109 2889 2270 2972 περὶ

133 2993 234 3055 τοῦ
276 2994 536 3059 Πυλίου
591 2997 896 3078 γέροντος
955 2991 1204 3060 ἐκείνου
1248 2989 1283 3061 o‘
1321 2993 1609 3082 Ὅμηρος
1652 2983 1734 3059 ἂν
1780 2991 2043 3081 εἰρήκει.
2131 2994 2271 3069 πᾶς

132 3090 192 3155 δὲ
233 3089 265 3159 ὅ
310 3093 509 3172 τόνος
549 3099 670 3162 τοῦ
715 3100 1110 3184 φθέγματος
1155 3095 1296 3175 οἶος
1343 3093 1820 3176 ἁπαλώτατος,
1869 3090 2021 3162 οῦτε
2060 3093 2269 3179 βαρὺς

131 3187 208 3272 ὡς
261 3195 330 3287 ἐς
385 3195 464 3263 τὸ
529 3189 834 3282 ἀνδρεῖον
887 3193 1239 3284 ἡρμόσθαι
1282 3194 1435 3265 οὔτε
1487 3198 1665 3265 πάνυ
1710 3195 1956 3276 λεπτὸς
2000 3192 2093 3274 ὥς
2135 3201 2269 3282 θη-

133 3295 392 3378 λύτατός
452 3323 526 3365 τε
572 3295 744 3376 εἶναι
798 3302 909 3366 καὶ
966 3291 1206 3388 κομιδῇ
1251 3300 1546 3382 ἔκλυτος,
1614 3294 1764 3367 ἀλλ’
1834 3300 1973 3377 οἶος
2016 3291 2261 3384 γένοιτ’

132 3386 199 3462 ἂν
227 3401 426 3469 παιδὶ
455 3396 661 3490 μήπω
707 3398 1088 3492 ἡβάσκοντι,
1131 3399 1294 3493 ἡδὺς
1336 3407 1450 3472 καὶ
1494 3402 1833 3491 προσηνὴς
1877 3405 1987 3470 καὶ
2032 3399 2268 3484 πράως

131 3504 622 3588 παραδυόμενος
682 3503 748 3583 ἐς
805 3504 924 3594 τὴν
980 3500 1216 3594 ἀκοήν,
1277 3501 1368 3584 ὥς
1423 3510 1535 3574 καὶ
1592 3511 2026 3592 παυσαμένης
2077 3503 2267 3569 ἔναυ-

131 3603 228 3670 λον
260 3602 432 3674 εἶναι
461 3606 580 3697 τὴν
607 3606 774 3696 βοὴν
802 3615 917 3676 καί
949 3633 1016 3676 τι
1063 3611 1387 3695 λείψανον
1434 3609 1873 3696 ἐνδιατρίβειν
1914 3611 2025 3673 καὶ
2072 3631 2266 3690 περι-

127 3708 388 3790 βομβεῖν
441 3707 526 3775 τὰ
584 3696 726 3775 ὦτα
785 3710 1103 3794 καθάπερ
1161 3705 1293 3800 ἠχώ
1353 3736 1507 3778 τινα
1564 3716 2102 3797 παρατείνουσαν
2145 3708 2267 3797 τὴν

131 3798 434 3893 ἀκρόασιν
488 3814 600 3878 καὶ
657 3814 800 3901 ἰ’χνη
846 3816 980 3879 τῶν
1025 3812 1236 3899 λόγων
1279 3812 1557 3900 μελιχρὰ
1604 3809 1773 3880 ἄττα
1815 3816 1925 3878 καὶ
1973 3815 2266 3890 πειθοῦς

129 3911 322 3988 μεστὰ
357 3911 471 3981 ἐπὶ
502 3917 618 4002 τῆς
657 3918 870 4002 ψυχῆς
917 3909 1545 4000 ἀπολιμπάνουσαν.
1620 3911 1879 3982 ὁπόταν
1927 3915 1995 3982 δὲ
2041 3917 2152 3982 καὶ
2182 3915 2257 3980 τὸ

47 4013 311 4081 472καλὸν
374 4013 582 4084 ἐκεῖνο
629 4013 787 4106 ᾄδῃ,
846 4020 953 4085 καὶ
1011 4017 1303 4102 μάλιστα
1348 4016 1521 4105 πρὸς
1564 4017 1683 4106 τὴν
1725 4017 2049 4102 κιθάραν,
2110 4017 2265 4084 τότε

1881 4122 1957 4172 3*
