2750 4534
885 232 1166 286 ΤΟΞᾸΡΙΣ
1201 233 1244 284 H
1279 232 1479 286 ΦΙΔΙΑ.
2198 231 2279 290 73

128 404 342 481 ναιξί·
413 405 523 470 καὶ
583 401 881 484 σίόμεθα
947 395 1174 468 οὐκέθ’
1238 397 1490 485 ὁμοίως
1556 400 1830 485 ἰσχυρὰν
1890 400 2093 469 αὐτοῦ
2158 401 2279 490 τὴν

128 507 366 593 φιλίαν
414 501 590 571 εἶναι
630 503 804 589 πρὸς
834 502 1093 581 πολλὰς
1139 496 1399 582 εὖνοίας
1444 504 1928 588 διαιρεθεῖσαν.
2006 509 2105 572 38.
2156 500 2273 592 άρ-
2308 517 2383 574 38

129 607 329 690 ξομαι
377 606 450 672 δὲ
495 598 632 672 ἀπὸ
681 608 815 672 τῶν
859 603 1293 688 Δανδάμιδος
1335 604 1574 693 πρῴην
1615 609 2013 691 γενομένων·
2073 602 2110 673 ὃ
2155 605 2280 693 γὰρ

125 709 481 792 Δάνδαμις
538 701 607 775 ἓν
661 711 744 796 τῇ
791 706 964 795 πρὸς
1007 707 1450 792 Σαυρομάτας
1496 711 1876 794 συμπλοκῇ,
1936 702 2283 792 ἀπαχθέν-

126 835 236 890 τος
295 810 723 895 αἰχμαλώτου
780 803 1146 894 Ἀμιζώκου
1211 813 1330 876 τοῦ
1385 812 1586 897 φίλου
1654 804 1860 878 αὐτοῦ
1903 850 1987 860 -
2029 814 2284 896 μᾶλλον

130 913 198 980 δὲ
241 914 580 997 πρότερον
624 905 923 996 ὀμοῦμαί
980 935 1089 979 σοι
1138 911 1260 979 τὸν
1304 904 1500 999 ὅρκον
1554 912 1672 979 τὸν
1716 909 2066 1002 ἡμέτερον,
2127 908 2280 983 ἐπεὶ

129 1019 236 1082 καὶ
281 1018 484 1082 τοῦτο
531 1008 600 1081 ἓν
645 1007 813 1102 ἀρχῇ
857 1014 1480 1103 διωμολογήσαμεν·
1527 1009 1603 1082 οὗ
1646 1015 1742 1099 μὰ
1786 1015 1913 1102 γὰρ
1955 1015 2074 1084 τὸν
2094 1013 2285 1085 Ἄνε-

129 1143 251 1200 μον
293 1120 413 1184 καὶ
446 1116 565 1184 τὸν
595 1115 940 1204 Ἀκινάκην
985 1109 1177 1183 οὐδὲν
1222 1115 1395 1204 πρὸς
1441 1121 1535 1198 σέ,
1580 1103 1635 1182 ὦ
1671 1118 2070 1206 Μνήσιππε,
2119 1132 2287 1207 ψεῦ-

133 1220 242 1298 δος
285 1213 425 1305 ἐρῶ
469 1221 628 1304 περὶ
671 1222 806 1284 τῶν
852 1220 1069 1306 φίλων
1112 1222 1246 1285 τῶν
1289 1223 1658 1286 Σκυθικῶν.

297 1327 602 1388 ΜΝΗΣ.
665 1319 822 1407 Ἐγώ
878 1321 1000 1404 μὲν
1057 1313 1134 1388 οὗ
1195 1319 1372 1388 πάνυ
1428 1343 1549 1388 σου
1606 1315 1927 1405 ὀμνύντος
1970 1317 2285 1412 ἐδεόμην·

136 1423 210 1490 σύ
257 1425 332 1491 δὲ
381 1417 566 1509 ὅμως
611 1407 682 1490 εὖ
729 1433 948 1490 ποιῶν
993 1415 1233 1490 οὐδένα
1274 1427 1411 1490 τῶν
1454 1427 1639 1490 θεῶν
1685 1419 2044 1509 ἐπωμόσω.

307 1529 516 1598 ΤΟΞ.
591 1531 678 1593 Τί
725 1523 804 1592 σὺ
851 1527 1062 1611 λέγεις
1077 1554 1100 1608 ,·
1143 1521 1223 1592 οὗ
1267 1547 1380 1593 σοι
1427 1526 1735 1593 δοκοῦσιν
1779 1521 1815 1593 o‘
1852 1521 2134 1611 Ἄνεμος
2176 1530 2286 1594 καὶ

136 1623 166 1693 o‘
205 1621 564 1716 Ἄκινάκης
607 1629 766 1694 θεοὶ
812 1624 1023 1709 εἶναι,·
1067 1620 1278 1705 οὕτως
1322 1623 1457 1711 ἄρα
1499 1623 1830 1716 ἠγνόησας
1872 1621 1980 1696 ὅτι
2018 1623 2289 1713 ἇνθρώ-

139 1753 290 1808 ποις
349 1729 576 1813 μεῖζον
635 1722 827 1795 οὐδέν
883 1722 1034 1797 ἐστι
1092 1728 1258 1817 ζωῆς
1321 1754 1399 1795 τε
1452 1732 1563 1797 καὶ
1620 1725 1965 1813 θανάτους
2030 1725 2289 1799 ὁπόταν

137 1836 356 1898 τοίνυν
416 1828 535 1898 τὸν
574 1826 858 1913 Ἄνεμον
914 1832 1024 1897 καὶ
1081 1829 1200 1897 τὸν
1235 1824 1587 1918 Ἀκινάκην
1643 1824 1990 1916 ὀμνύωμεν
2003 1884 2020 1913 ,
2079 1836 2291 1899 ταῦτα

140 1927 428 2016 ὄμνυμεν
493 1927 584 2010 ὥς
647 1930 767 1999 τὸν
836 1932 961 2016 μὲν
1015 1928 1300 2016 Ἄνεμον
1376 1932 1545 2020 ζωῆς
1621 1933 1839 2000 αἴτιον
1906 1929 2100 2015 ὄντα,
2175 1935 2292 2001 τὸν

135 2027 489 2123 Ἀκινάκην
533 2033 607 2100 δὲ
650 2026 757 2100 ὅτι
803 2028 1264 2120 ἀποθνήσκειν
1309 2047 1517 2101 ποιεῖ.

305 2142 607 2203 ΜΝΗΣ.
681 2139 818 2203 Καὶ
874 2135 1006 2226 μὴν
1064 2136 1124 2203 εἰ
1171 2136 1283 2203 διά
1342 2162 1415 2221 γε
1458 2141 1686 2214 τοῦτο,
1745 2141 1855 2206 καὶ
1914 2131 2295 2217 ἅλλουςόἷν

146 2239 352 2321 ἔχοιτε
410 2237 704 2316 πολλοὺς
747 2236 954 2316 θεοὺς
1011 2237 1154 2317 οἶος
1199 2234 1233 2304 ὅ
1274 2231 1628 2327 Ἄκινάκης
1672 2238 1846 2318 ἐστί,
1903 2239 2021 2307 τὸν
2068 2240 2296 2308 οἰστὸν

59 2351 130 2402 54¹1
145 2345 247 2408 καὶ
289 2341 416 2430 τὴν
449 2339 684 2428 λόγχην
727 2342 840 2406 καὶ
870 2339 1144 2407 κώνειον
1189 2340 1260 2406 δὲ
1290 2343 1403 2406 καὶ
1431 2339 1673 2425 βρόχον
1715 2345 1829 2408 καὶ
1870 2341 1955 2408 τὰ
1986 2346 2297 2410 τοιαῦτα·

148 2445 455 2519 ποικίλος
496 2439 623 2528 γὰρ
670 2435 865 2519 οὗτος
920 2437 956 2509 ὃ
1005 2441 1170 2520 θεὸς
1215 2437 1251 2508 ὅ
1300 2441 1604 2520 θάνατος
1655 2445 1765 2509 καὶ
1814 2435 2135 2528 ἀπείρους
2178 2443 2300 2522 τὰς

149 2538 253 2630 ἐφ’
307 2543 550 2612 ἑαυτὸν
595 2548 960 2631 παρέχεται
1005 2537 1295 2630 ἀγούσας
1339 2539 1557 2620 ὁδούς.

319 2648 527 2718 ΤΟΞ.
589 2641 786 2734 Ὁρᾷς
815 2649 1014 2712 τοῦτο
1061 2644 1151 2723 ὡς
1182 2643 1514 2729 ἐριστικὸν
1560 2658 1781 2723 ποιεῖς
1824 2648 1935 2712 καὶ
1968 2644 2302 2714 δικανικὸν

151 2743 537 2834 ὑποκρούων
594 2746 842 2831 μεταξὺ
899 2749 1010 2814 καὶ
1057 2747 1481 2834 διαφθείρων
1537 2772 1667 2831 μου
1723 2745 1840 2813 τὸν
1886 2746 2081 2833 λόγον
2096 2777 2118 2831 ,·
2176 2747 2299 2834 ἐγώ

154 2847 219 2914 δὲ
260 2845 542 2936 ἡσυχίαν
585 2834 746 2934 ἦγον
794 2850 913 2914 σοῦ
960 2850 1282 2934 λέγοντος.

313 2955 618 3016 ΜΝΗΣ.
699 2941 887 3014 Ἀλλ’
952 2942 1068 3015 οὔκ
1126 2935 1333 3026 αὖθίς
1389 2973 1495 3033 γε,
1564 2935 1619 3014 ὦ
1684 2948 1966 3036 Τόξαρι,
2035 2945 2303 3040 ποιήσω

154 3054 368 3132 τοῦτο,
415 3051 596 3118 πάνυ
640 3049 767 3136 γὰρ
799 3044 1031 3134 ὀρθῶς
1077 3049 1518 3139 ἐπετίμησας·
1588 3050 1763 3118 ὥστε
1792 3056 2068 3136 θαρρῶν
2110 3053 2186 3120 τό
2232 3078 2306 3139 γε

156 3149 262 3218 ἐπὶ
291 3152 516 3239 τούτῳ
548 3154 712 3237 λέγε,
759 3147 852 3227 ὥς
879 3151 1048 3238 μηδὲ
1079 3151 1417 3239 παρόντος
1462 3151 1625 3236 ἐμοῦ
1670 3165 1811 3230 τοῖς
1842 3153 2083 3239 λόγοις,
2131 3147 2304 3221 οῧτω

155 3255 589 3342 σιωπήσομαί
634 3276 763 3321 σοι.
1252 3339 1279 3351 „

319 3362 422 3422 39.
477 3358 682 3429 ΤΟΞ.
734 3353 1029 3441 Τετάρτη
1076 3354 1196 3438 μὲν
1239 3351 1318 3440 ἠν
1350 3355 1562 3442 ἡμέρα
1606 3359 1721 3444 τῆς
1766 3359 2003 3444 φιλίας
2032 3350 2301 3422 Δανδά-
2332 3368 2407 3424 39

154 3458 294 3536 μιδι
339 3460 449 3524 καὶ
490 3451 859 3544 Ἀμιζώκῃ,
921 3449 1047 3543 ἀφ’
1101 3449 1178 3523 οὗ
1221 3455 1297 3522 τὸ
1349 3451 1653 3544 ἀλλήλων
1700 3457 1868 3540 αἷμα
1915 3457 2305 3525 συνεπεπώ-

156 3578 379 3625 κεσαν·
437 3552 597 3647 ἧκον
643 3559 717 3624 δὲ
760 3554 919 3646 ἡμῖν
965 3557 1081 3623 ἐπὶ
1141 3556 1259 3645 τὴν
1298 3557 1523 3647 χώραν
1566 3563 1999 3645 Σαυρομάται
2042 3565 2307 3643 μυρίοις

156 3660 268 3741 μὲν
331 3662 688 3740 ἱππεῦσιν,
748 3661 814 3726 οἱ
871 3658 1064 3738 πεζοὶ
1124 3659 1197 3725 δὲ
1249 3662 1394 3744 τρὶς
1449 3663 1762 3727 τοσοῦτοι
1820 3660 2308 3748 ἐπεληλυθέναι

160 3760 475 3849 ἐλέγοντο.
544 3761 656 3830 οἶα
703 3762 775 3828 δὲ
823 3755 898 3829 οὗ
932 3761 1407 3847 προϊδομένοις
1448 3761 1565 3849 τὴν
1601 3762 1845 3851 ἔφοδον
1892 3758 2110 3830 αὐτῶν
2156 3763 2308 3831 ἐπι-

163 3867 476 3943 πεσόντες
523 3859 831 3941 &mancas
887 3863 1008 3947 μὲν
1050 3866 1406 3948 τρέπουσι,
1467 3863 1759 3942 πολλοὺς
1818 3865 1889 3930 δὲ
1934 3868 2069 3930 τῶν
2113 3872 2307 3950 μαχί-

161 3991 296 4046 μων
351 3973 720 4046 κτείνουσι,
778 3962 933 4042 τοὺς
991 3963 1216 4030 δὲκαὶ
1277 3964 1524 4044 ζῶντας
1582 3959 1954 4053 ἀπάγουσι,
2014 3966 2189 4056 πλὴν
2249 3969 2313 4034 εἴ
