2750 4534
1131 251 1403 305 ΕΡΩΤΕΣ.
2263 252 2341 308 15

189 424 384 511 παρά
429 449 547 490 του
592 423 1054 509 λαμβάνοντας
1096 416 1355 508 ἡδονήν,
1405 414 1556 486 ἀλλ’
1608 421 1814 488 ἐκεῖνο
1859 427 2342 508 μερισαμένους

191 522 269 594 οὗ
328 526 757 613 τυγχάνουσιν
821 519 1364 611 ἀντιπαρασχεῖν
1399 523 1623 607 ὅμοια.
1710 527 1907 590 τοῦτο
1968 518 2031 589 δ’
2087 518 2200 591 οὐκ
2260 515 2339 590 ἀν

189 630 308 697 ἐπὶ
343 631 612 696 παίδων
658 629 846 696 ε’ίποι
889 653 1012 709 τις,
1060 622 1175 710 οὔχ
1207 620 1378 694 οῧτω
1422 632 1731 714 μέμηνεν,
1779 620 1929 691 ἀλλ’
1973 626 2009 693 0‘
2039 627 2159 709 μὲν
2193 628 2341 694 δια-

187 737 368 812 θείς,
411 726 456 818 ςῖ
489 731 742 816 νομίζει
786 731 955 797 ποτὲ
1001 733 1232 811 ταῦτα,
1277 727 1397 818 τὴν
1441 725 1687 818 ἡδονὴν
1736 727 2071 812 ἐξαίρετον
2118 727 2339 813 λαβὼν

187 828 588 918 ἀπέρχεται,
649 837 746 920 τῷ
792 834 864 899 δὲ
908 828 1286 918 ὖβρισμένῳ
1329 825 1479 896 κατ’
1534 824 1739 914 ἀρχὰς
1782 831 1903 914 μὲν
1947 824 2182 897 ὀδύναι
2226 834 2338 896 καὶ

187 936 477 1021 δάκρυα,
543 934 780 1019 μικρὸν
837 935 908 1000 δὲ
963 931 1096 1000 ὑπὸ
1153 933 1395 1018 χρόνου
1451 936 1569 1018 τῆς
1629 927 1989 1020 ἀλγηδόνος
2040 932 2337 1014 χαλασά-

187 1061 313 1126 σης
358 1040 599 1118 πλέον,
663 1031 752 1114 ὥς
796 1059 1036 1125 φασιν,
1100 1030 1289 1103 οὐδὲν
1336 1031 1763 1123 ἀνοχλησίας,
1821 1030 2023 1124 ἡδονὴ
2070 1028 2132 1100 δ’
2186 1027 2331 1101 οὐδ’

183 1137 483 1226 ἡτισοῦν.
569 1139 630 1206 εἰ
676 1139 748 1206 δὲ
793 1140 896 1206 δεῖ
935 1165 1004 1205 τι
1048 1143 1158 1205 καὶ
1205 1137 1713 1223 περιεργότερον
1759 1136 1975 1205 εἰπεῖν
2004 1175 2086 1184 -
2120 1139 2223 1205 δεῖ
2267 1139 2338 1204 δὲ

186 1244 257 1308 ἐν
293 1235 707 1330 Ἀφροδίτης
763 1247 1020 1326 τεμένει
1063 1278 1147 1288 -
1189 1244 1449 1326 γυναικὶ
1505 1244 1657 1323 μέν,
1718 1226 1771 1304 εἶ
1816 1242 2336 1327 Καλλικρατίδα,

183 1348 296 1412 καὶ
346 1344 835 1429 παιδικώτερον
885 1343 1224 1428 χρώμενον
1283 1342 1535 1421 ἔξεστιν
1582 1336 2047 1430 εὐφρανθῆναι
2091 1344 2337 1409 διπλα-

186 1453 343 1525 σίας
402 1440 840 1523 ἀπολαύσεως
897 1441 1094 1523 ὁδους
1154 1439 1545 1530 ἀνοίξαντα,
1604 1443 1678 1510 τὸ
1741 1445 1813 1511 δὲ
1859 1439 2055 1530 ἀρρεν
2116 1439 2337 1512 οὐδενὶ

181 1549 424 1635 τρόπῳ
463 1547 804 1634 χαρίζεται
847 1547 1132 1634 θήλειαν
1179 1541 1577 1614 ἀπόλαυσιν.
1668 1551 1770 1613 28.
1816 1538 1981 1613 ὥστ’
2034 1546 2094 1614 εἰ
2136 1543 2330 1634 ἡμὲν
2366 1550 2439 1606 28

182 1654 297 1717 καὶ
356 1647 513 1734 ὑμῖν
573 1645 873 1734 ἀρέσκειν
934 1650 1240 1730 δύναται,
1301 1648 1474 1735 πρὸς
1540 1642 1864 1738 ἀλλήλους
1916 1645 2105 1738 ἡμεῖς
2160 1643 2338 1716 ἀπο-

80 1766 162 1818 429
179 1752 662 1836 τειχισώμεθα,
711 1753 770 1819 εἰ
815 1753 886 1819 δὲ
919 1767 1062 1830 τοῖς
1095 1775 1366 1838 αρρεσιν
1409 1746 1768 1837 εὐπρεπεῖς
1812 1753 1885 1818 αἱ
1927 1751 2097 1835 μετὰ
2141 1745 2337 1838 ἀρρέ-

179 1881 314 1922 νων
362 1851 656 1938 ομιλίαι,
703 1853 876 1939 πρὸς
918 1853 996 1920 τὸ
1046 1853 1285 1922 λοιπὸν
1332 1853 1675 1939 ἐράτωσαν
1724 1847 2025 1942 ἀλλήλων
2068 1858 2180 1921 καὶ
2224 1880 2337 1940 γυ-

179 1972 420 2036 ναῖκες.
483 1954 602 2043 α’γε
659 1961 803 2039 νῦν,
867 1953 919 2022 ὠ
977 1957 1255 2041 νεώτερε
1307 1957 1501 2077 χρόνε
1559 1961 1669 2022 καὶ
1728 1961 1863 2022 τῶν
1921 1958 2122 2036 ξένων
2179 1955 2336 2046 ἡδο-

179 2062 313 2126 νιῦν
376 2060 748 2142 νομοθέτα,
807 2084 1040 2136 καινας
1095 2056 1294 2137 ὁδους
1351 2055 1627 2144 ἄρρενος
1676 2062 1929 2148 τρυφῆς
1975 2059 2338 2149 ἐπινοήσας

173 2163 458 2245 χάρισαι
515 2161 634 2247 τὴν
691 2163 844 2249 ἰ’σην
903 2160 1207 2239 ἐξουσίαν
1252 2165 1360 2228 καὶ
1421 2163 1746 2247 γυναιξίν,
1808 2156 2126 2250 ἀλλήλαις
2181 2161 2334 2246 ὁμι-

181 2267 513 2330 λείτωσαν
571 2260 664 2342 ὦς
722 2259 986 2349 ἀνδρες·
1057 2259 1349 2349 ἀσελγῶν
1412 2265 1483 2330 δὲ
1541 2258 1839 2349 ὀργάνων
1897 2261 2332 2350 ὕποζυγωσά-

179 2390 378 2448 μεναι
451 2371 815 2450 τέχνασμα,
891 2360 1211 2451 ἀσπόρων
1285 2366 1638 2451 τεράστιον
1714 2367 2018 2452 αἴνιγμα,
2093 2369 2331 2454 κοιμά-

179 2473 465 2534 σθωσαν
521 2467 676 2554 γυνὴ
734 2467 902 2551 μετὰ
958 2468 1265 2554 γυναικὸς
1321 2465 1413 2546 ὥς
1471 2467 1668 2556 ἀνήρ·
1728 2467 1801 2534 τὸ
1864 2469 1934 2535 δὲ
1986 2469 2083 2548 εἷς
2130 2465 2332 2556 ἀκοὴν

170 2575 483 2646 σπανίως
544 2564 700 2655 ἧκον
767 2565 982 2652 όνομα
1039 2608 1123 2618 -
1183 2569 1578 2652 αἰσχυνομαι
1636 2573 1744 2635 καὶ
1806 2572 2015 2655 λέγειν
2075 2609 2155 2618 --
2213 2578 2331 2660 τῆς

165 2675 490 2759 τριβακῆς
555 2665 902 2756 ἀσελγείας
957 2665 1198 2760 ἀνέδην
1243 2677 1671 2756 πομπευέτω.
1762 2675 1954 2738 πᾶσα
2014 2668 2076 2738 δ’
2142 2670 2329 2760 ἡμῶν

167 2769 206 2860 ἢ
253 2787 720 2855 γυναικωνῖτις
765 2774 934 2840 ε’στω
987 2776 1299 2852 Φιλαινὶς
1345 2769 1781 2858 ἀνδρογόνους
1828 2773 2077 2859 ’έρωτας
2126 2769 2328 2864 ἀσχη-

165 2878 494 2958 μονοῦσα.
582 2878 693 2941 καὶ
749 2873 946 2962 πόσῳ
1004 2889 1303 2962 κρεῖττον
1349 2874 1444 2953 εἰς
1503 2871 1749 2963 ἄρρενα
1792 2877 2046 2966 τρυφὴν
2103 2878 2329 2962 βιάζε-

165 2983 344 3042 σθαι
416 2990 691 3061 γυναῖκα
745 2967 787 3064 ἢ
844 2976 918 3043 τὸ
981 2991 1282 3062 γενναῖον
1343 2972 1601 3065 ἀνδρῶν
1661 2977 1728 3057 ἐς
1784 2993 2059 3064 γυναῖκα
2113 2981 2328 3068 θηλύ-

163 3084 461 3160 νεσθαι,·

341 3186 444 3248 29.
543 3185 838 3247 Τοιαῦτα
884 3182 1214 3260 συντόνως
1257 3182 1501 3266 μεταξὺ
1548 3185 2056 3268 παθαινόμενος
2100 3182 2134 3251 ό
2172 3193 2318 3252 Χα-
2354 3194 2429 3249 29

161 3285 397 3372 ρικλῆς
431 3281 777 3349 ἐπαύσατο
825 3282 1041 3350 δεινόν
1072 3310 1140 3350 τι
1169 3287 1278 3350 καὶ
1324 3286 1663 3374 θηριῶδες
1710 3284 1802 3372 [ἐν
1834 3301 1977 3365 τοῖς
2006 3283 2324 3374 ὄμμασιν]

157 3382 598 3469 ὑποβλέπων.
689 3384 879 3471 ἐῴκει
936 3385 1010 3452 δέ
1069 3411 1188 3469 μοι
1248 3389 1355 3452 καὶ
1402 3393 1758 3474 καθαρσίῳ
1808 3392 2105 3474 χρῆσθαι
2153 3388 2326 3473 πρὸς

157 3485 320 3563 τοὺς
390 3485 746 3562 παιδικοὺς
811 3486 1082 3567 ἔρωτας.
1193 3486 1316 3573 ἐγώ
1388 3489 1459 3554 δὲ
1524 3488 1731 3576 ἡσυχῇ
1794 3489 2148 3573 μειδιάσας
2213 3495 2323 3556 καὶ

159 3587 339 3675 πρὸς
407 3587 525 3654 τὸν
583 3583 956 3677 Ἀθηναῖον
1033 3585 1245 3677 ἠρέμα
1313 3591 1407 3657 τιὺ
1473 3586 1817 3679 ὀφθαλμώ
1886 3588 2320 3676 παραβαλών,

64 3692 501 3771 43οΠαιδιᾶς,
557 3691 756 3778 ε’φην,
803 3695 913 3758 καὶ
959 3695 1273 3778 γέλ’,ωτος
1329 3691 1380 3758 εὖ
1429 3694 1959 3778 Ιίαλλικρατίδα,
2008 3694 2322 3784 δικαστὴς

157 3795 622 3861 καθεδεῖσθαι
681 3795 1152 3882 προσδοκήσας
1211 3822 1326 3862 ουκ
1385 3791 1517 3862 οἷδ’
1586 3789 1775 3873 όπως
1830 3792 1961 3862 ὑπὸ
2011 3801 2126 3884 τῆς
2171 3805 2321 3864 Χα-

161 3897 466 3980 ρικλέους
500 3891 876 3984 δεινότητος
921 3896 1036 3962 ἐπὶ
1073 3897 1601 3981 σπουδαιότερον
1646 3895 1886 3984 ήγμαι·
1932 3898 2183 4017 σχεδὸν
2194 3899 2320 4020 γὰρ

163 4023 250 4075 ως
317 3997 386 4065 ἐν
440 3995 700 4085 Ἀρείῳ
768 3998 964 4085 πάγῳ
1035 4004 1188 4082 περὶ
1261 4000 1473 4086 φόνου
1541 4003 1652 4066 καὶ
1713 4005 2071 4087 πυρκαϊᾶς,
2140 3992 2183 4090 ἢ
2242 4001 2315 4086 νὴ
