2750 4534
878 226 1164 281 ΟΝΕῙΡΟΣ
1197 228 1240 279 H
1274 225 1677 281 AAEKTPrnN.
2227 222 2349 281 129

175 389 686 482 ἐρασμιώτερον
756 392 958 464 αὑτὸν
1023 396 1393 482 μεταβάλοι
1462 389 1613 462 ούδὲ
1670 388 1859 472 ὅπως
1927 395 2353 483 διαφθείρειε

173 502 306 564 τοῦ
363 492 703 580 Ἀκρισίου
769 497 890 586 τὴν
949 498 1250 586 φρουράν
1305 536 1391 545 -
1448 491 1709 575 ἇκούεις
1765 496 1982 587 δήπου
2051 493 2142 575 ὥς
2197 523 2353 583 χρυ-

177 607 340 668 σίον
391 599 645 686 ἐγένετο
702 604 814 669 καὶ
861 602 1039 687 ῥυεὶς
1098 600 1212 668 διὰ
1256 605 1377 668 τοῦ
1421 605 1649 685 τέγους
1694 602 1894 687 συνῆν
1946 603 2028 687 τῇ
2074 592 2353 685 ἀγαπω-

175 707 381 789 μένῃ.
471 694 644 768 ὥστε
700 708 768 768 τί
827 697 909 769 ἄν
969 725 1080 769 σοι
1133 701 1209 769 τὸ
1273 702 1389 769 ἐπὶ
1434 700 1649 787 τούτῳ
1706 700 1805 769 ἔτι
1851 703 2127 785 λέγοιμι,
2189 693 2353 779 ὅσας

173 805 310 887 μὲν
353 810 584 889 χρείας
626 809 992 891 παρέχεται
1046 800 1080 871 ὅ
1124 804 1399 887 χρυσός,
1462 799 1553 881 ὥς
1606 804 1678 869 δὲ
1724 802 1825 882 οἶς
1870 793 1951 869 ἂν
1978 806 2183 891 ,παρῇ
2236 830 2353 868 κα-

180 905 352 985 λούς
395 931 470 974 τε
517 900 754 984 αύτούς
799 909 910 973 καὶ
959 905 1213 991 σοφοὺς
1255 909 1366 973 καὶ
1411 904 1714 992 ἰσχυρούς
1761 899 2206 991 ἀπεργάζεται
2246 932 2352 972 τι-

179 1008 323 1095 μὴν
382 1012 495 1075 καὶ
555 1008 755 1087 δόξαν
811 1009 1231 1093 προσάπτων
1287 1013 1399 1076 καὶ
1460 1007 1532 1087 ἐξ
1585 1002 1862 1093 ἀφανῶν
1917 1010 2028 1075 καὶ
2091 1001 2350 1085 ἀδόξων

184 1110 413 1177 ἐνίοτε
479 1112 970 1196 περιβλέπτους
1041 1114 1151 1177 καὶ
1219 1104 1572 1194 ἀοιδίμους
1647 1108 1714 1175 ἐν
1778 1115 2013 1196 βραχεῖ
2074 1114 2351 1198 τίθησις

189 1220 294 1280 14.
357 1212 476 1279 τὸν
530 1220 796 1298 γείτονα
853 1216 1009 1298 γοῦν
1063 1238 1181 1296 μοι
1236 1212 1354 1280 τὸν
1400 1208 1757 1294 ὁμότεχνον
1804 1208 2015 1279 οἶσθα
2070 1210 2188 1279 τὸν
2232 1218 2289 1277 Σ
2314 1250 2347 1261 -
2384 1220 2457 1274 14

75 1333 162 1383 ’123
181 1341 419 1400 μωνα,
483 1309 557 1381 ού
612 1313 746 1401 πρὸ
807 1316 1063 1382 πολλοῦ
1121 1314 1573 1399 δειπνήσαντα
1630 1314 1798 1397 παρ’
1862 1313 2041 1396 ἐμοί,
2102 1308 2215 1381 ὅτε
2272 1316 2347 1382 τὸ

185 1417 382 1494 ἔτνος
425 1410 658 1506 ἥψησα
702 1431 845 1495 τοῖς
884 1423 1201 1500 Κρονίοις
1245 1416 1361 1483 δύο
1406 1416 1653 1503 τεμάχη
1702 1419 1818 1483 τοῦ
1865 1410 2187 1495 ἀλλᾶντος
2235 1416 2349 1500 ἒμ-

183 1519 442 1604 βαλών.

367 1626 662 1688 ΑΛΕΚ.
740 1618 914 1689 Οἶδα
944 1621 1062 1689 τὸν
1094 1620 1290 1705 σιμὸν
1321 1619 1439 1687 τὸν
1468 1621 1733 1707 βραχύν,
1779 1620 1853 1700 ὃς
1882 1620 1958 1689 τὸ
1990 1625 2349 1707 κεραμεοῦν

188 1724 508 1809 τρύβλιον
573 1720 984 1811 υφελόμενος
1051 1720 1256 1810 ᾤχετο
1325 1719 1459 1790 ὑπὸ
1528 1724 1743 1813 μάλης
1810 1724 1973 1806 ἔχων
2037 1722 2206 1807 μετὰ
2273 1750 2347 1841 τος

189 1827 504 1907 δεῖπνον,
574 1825 612 1893 3
679 1826 886 1909 μόνον
952 1822 1104 1913 ημῖν
1169 1822 1493 1915 ὑπῆρχεν·
1564 1822 1742 1894 εἶδον
1804 1824 1929 1914 γὰρ
1998 1820 2228 1906 αὐτός,
2299 1820 2350 1891 εὖ

191 1930 483 1995 Μικύλε.

368 2035 574 2095 ΜΙΚ.
659 2023 910 2096 Οὐκοῦν
957 2028 1202 2107 ἐκεῖνος
1249 2022 1407 2096 αὐτὸ
1456 2031 1711 2114 κλέψας
1756 2025 1900 2095 εἶτα
1947 2028 2350 2114 ἐπωμόσατο

194 2131 407 2210 θεοὺς
460 2132 853 2214 τοσούτους;
916 2126 1083 2197 ἀλλὰ
1141 2138 1210 2199 τί
1268 2129 1384 2200 οὐκ
1441 2130 1640 2217 ἐβόας
1692 2136 1806 2199 καὶ
1850 2132 2123 2221 ἐμήνυες
2178 2132 2350 2213 τότε,

197 2232 250 2299 ὠ
300 2228 694 2316 ἀλεκτρυών,
741 2232 1165 2321 ληϊζομένους
1207 2230 1385 2321 ἡμᾶς
1429 2228 1640 2320 ὃριῦν,·

370 2340 666 2402 ΑΛΕΚ.
733 2328 1124 2415 Ἐκόκκυζον,
1172 2334 1208 2401 3
1241 2334 1445 2419 μόνον
1491 2335 1643 2403 τότε
1688 2334 1969 2403 δυνατὸν
2004 2322 2104 2421 ἦν.
2180 2344 2249 2403 τί
2281 2333 2346 2403 δ’

202 2421 316 2502 οὖν
363 2430 398 2500 ὃ
450 2440 714 2518 Σίμωνς
760 2432 987 2519 ἐῴκεις
1029 2432 1155 2521 γάρ
1199 2460 1267 2501 τι
1311 2437 1471 2519 περὶ
1519 2428 1723 2500 αυτοῦ
1768 2432 1961 2518 ἐρεῖν.

369 2541 574 2602 ΜΙΚ.
658 2529 980 2619 Ἀνεψιός
1036 2521 1115 2625 ἦν
1175 2529 1354 2622 αὐτῷ
1410 2534 1735 2613 πλούσιος
1803 2536 1898 2613 εἷς
1954 2533 2351 2623 ὑπερβολήν,

201 2639 545 2725 Δριμύλος
587 2632 899 2721 τοῦνομα.
975 2631 1169 2716 οὗτος
1211 2638 1335 2718 ζῶν
1365 2638 1489 2721 μὲν
1522 2632 1675 2704 οὐδὲ
1720 2631 1963 2723 ὀβολὸν
2009 2637 2211 2705 ἔδωκε
2254 2644 2351 2725 τεῦ

201 2747 476 2823 Σίμωνι.
554 2741 700 2817 πῶς
743 2738 889 2824 γάρ,
937 2736 1013 2816 ὃς
1051 2732 1204 2805 οὐδὲ
1252 2732 1451 2817 αὐτὸς
1493 2732 1745 2825 ἥπτετο
1789 2743 1923 2805 τῶν
1961 2739 2353 2863 χρημάτων,·

101 2860 186 2910 ’124
204 2842 350 2909 ἐπεὶ
386 2841 458 2909 δὲ
491 2834 802 2906 ἀπέθανε
845 2864 1099 2929 πρῳην,
1147 2833 1417 2906 ἅπαντα
1464 2840 1680 2909 ἐκεῖνα
1721 2840 1887 2908 κατὰ
1925 2866 2082 2920 τους
2112 2841 2354 2926 νόμους

203 2942 506 3029 Σίμωνός
552 2941 725 3023 ἐστι,
786 2944 896 3008 καὶ
944 2946 1056 3009 νῦν
1103 2941 1346 3021 ἐκεῖνος
1404 2939 1437 3010 ὃ
1487 2942 1571 3009 τὰ
1618 2944 1817 3030 ῥάκια
1861 2942 1943 3010 τὰ
1991 2944 2347 3031 πιναρά,ο

201 3045 274 3113 τὸ
333 3044 645 3131 τρύβλιον
688 3045 1084 3127 περιλείχων
1130 3040 1448 3130 άσμενος,
1511 3041 1841 3124 ἐξελαύνει
1901 3043 2186 3137 ἁλουργῆ
2241 3052 2351 3116 καὶ

203 3144 617 3234 ὑσγινοβαφῆ
677 3139 1169 3230 ἀμπεχόμενος,
1238 3147 1499 3225 οἰκέτας
1532 3152 1665 3215 ’καὶ
1728 3148 1911 3237 ζεύγη
1978 3153 2087 3217 καὶ
2139 3155 2353 3237 χρυσᾶ

203 3248 567 3332 εκπώματα
611 3250 723 3315 καὶ
770 3246 1317 3335 ἐλεφαντόποδας
1361 3250 1696 3332 τραπέζας
1741 3250 1923 3333 ἔχων,
1969 3246 2091 3335 ὕφ’
2132 3248 2352 3319 ἆπάν-

201 3378 332 3418 των
377 3349 955 3435 προσκυνούμενος
1001 3344 1154 3417 οὐδὲ
1200 3352 1652 3438 προσβλέπων
1698 3378 1799 3421 ετι
1828 3351 2035 3442 ἡμᾶς·
2082 3353 2350 3438 ε’ναγχος

201 3456 355 3538 γοῦν
413 3450 538 3538 ἐγώ
595 3452 716 3535 μὲν
775 3450 937 3517 ἰδών
997 3452 1357 3536 προϊόντα,
1426 3461 1673 3541 Χαῖρε,
1732 3453 1928 3543 ἔφην,
1995 3452 2047 3520 ιῦ
2105 3461 2351 3539 Σίμων,

202 3552 236 3623 o‘
287 3555 357 3621 δὲ
403 3548 894 3641 ἀγανακτήσας,
957 3554 1249 3635 Εἴπατε,
1310 3556 1470 3643 ἔφη,
1531 3560 1625 3642 τῷ
1684 3560 1933 3643 πτωχῷ
1990 3556 2205 3645 τούτῳ
2263 3558 2349 3644 μὴ

201 3655 749 3740 κατασμικρύνειν
802 3681 932 3738 μου
990 3651 1313 3741 τούνομα·
1381 3657 1455 3725 οὐ
1512 3658 1636 3744 γὰρ
1689 3664 1945 3742 Σίμων,
2008 3652 2177 3724 ἀλλὰ
2236 3667 2351 3728 Σι-

204 3758 495 3847 μωνίδης
541 3751 978 3841 ὀνομάζομαι.
1052 3757 1128 3828 τὸ
1163 3759 1235 3825 δὲ
1264 3763 1578 3844 μέγιστον
1622 3754 1746 3847 ἤδη
1792 3762 1904 3827 καὶ
1950 3759 2190 3846 ἐρῶσιν
2236 3758 2352 3829 αἰ·-

202 3866 319 3930 τοῦ
351 3861 422 3927 αἱ
453 3873 772 3945 γυναῖκες,
821 3855 854 3925 ὅ
893 3860 965 3926 δὲ
996 3859 1382 3946 θρύπτεται
1428 3860 1601 3943 πρὸς
1646 3861 1851 3941 αὐτας
1895 3867 2007 3930 καὶ
2051 3858 2356 3954 ὑπερορᾷ

203 3967 309 4032 καὶ
354 3961 475 4040 τὰς
518 3962 640 4045 μὲν
685 3968 1046 4056 προσίεται
1088 3967 1199 4031 καὶ
1244 3962 1441 4040 ἵλεώς
1488 3962 1686 4045 ἐστιν,
1736 3965 1806 4031 αἱ
1854 3964 1925 4032 δὲ
1958 3958 2355 4035 ἀπειλοῦσιν

303 4072 472 4117 Lucian
488 4071 548 4117 11.
577 4070 617 4117 2.
841 4072 862 4097 ·
2018 4068 2049 4121 9
