2750 4534
147 664 201 704 c.
246 651 347 707 ll.

1092 268 1382 322 AMORES.
2204 271 2322 329 195

373 446 545 519 τινὲς
591 439 701 506 ἐπ’
747 441 973 522 ὀλίγον
1053 441 1163 505 ἐπ’
1196 442 1425 522 ὀλίγον
1461 441 1640 521 ἆψιμ.
1676 467 1727 507 τ.
1763 439 1940 504 ΩἳῖΓ
1971 476 2054 487 --
2101 442 2325 521 αὐτοῖς

371 540 391 627 ss
432 542 541 607 ἐπ’
590 543 813 621 αι’τοῖς
857 540 999 623 ΩΓ,
1046 563 1161 605 om.
1210 542 1437 621 αὐτοῖς
1482 545 1535 607 21

378 654 811 727 προσορμίσαι
861 642 883 729 ss
928 654 1376 729 προσορμῆσαι
1444 642 1565 706 ΩΓ
1628 681 1708 693 --
1776 654 1898 710 τοῦ
1954 644 2324 728 Ἀφροδίτης

374 752 554 828 ἱεροῦ
656 755 791 813 καὶ
835 756 955 813 τοῦ
1004 738 1167 830 Ἀφρ.
1220 753 1400 829 ἱεροῦ
1442 744 1511 809 Ω
1556 754 1685 811 καὶ
1729 745 1803 812 τὸ
1851 747 2016 828 Ἀφρ.
2069 746 2243 830 ἱερὸν
2274 744 2324 806 Γ

373 885 455 895 -
516 846 1101 932 πομποστολούσης
1142 848 1163 934 ΙΙ
1202 875 1281 915 πε
1294 852 1374 930 (P)
1388 847 1886 932 μποστολούσης
1928 845 1998 909 Ω
2059 887 2144 896 -
2187 849 2326 930 α’γε-

372 959 558 1017 λαστὶ
663 950 992 1032 ἄγελαστεὶ
1047 947 1116 1012 Ω
1176 988 1259 997 -
1318 948 1525 1018 τᾶλλα
1568 952 1588 1035 ΙΙ
1630 950 1834 1017 τᾶλλα
1892 948 2013 1012 ΩΓ
2059 950 2225 1017 ἄλλα
2271 952 2324 1016 ἳῖ

372 1090 455 1099 -
513 1052 785 1119 ἐδύνατο
844 1052 864 1136 ss
918 1052 1198 1137 η’δύνατο
1258 1054 1311 1118 21
1366 1091 1448 1101 —
1503 1051 1672 1120 νεὼν
1715 1051 1735 1137 ΙΙ
1777 1053 1904 1119 νεὼ
1963 1050 2015 1114 Γ
2074 1091 2155 1099 -
2212 1063 2325 1137 τῆς

369 1162 630 1235 Κνιδίας
671 1154 689 1239 ss
734 1177 852 1219 om.
896 1166 1009 1239 τῆς
1051 1158 1104 1220 21
1148 1194 1233 1203 —-
1286 1166 1586 1235 Θεσπιαῖς
1629 1156 1648 1240 ΙΙ
1699 1166 2030 1235 Θεσπειαῖς
2073 1156 2142 1219 Ω

331 1305 346 1321 .
380 1262 643 1342 αἴθριον
687 1258 707 1343 ΙΙ
748 1262 972 1343 ἒθριον
1029 1257 1080 1319 Γ
1134 1296 1215 1305 --
1272 1256 1352 1341 ἦν
1397 1258 1417 1343 ss
1460 1256 1497 1342 ἦ
1542 1258 1593 1320 Γ
1635 1262 1895 1337 (Rohde)
1954 1295 2038 1305 —
2094 1257 2258 1343 ὥρια
2309 1258 2329 1343 ss

367 1361 516 1445 ὅρια
573 1359 623 1421 Γ
682 1398 765 1408 -
834 1363 1061 1443 ἔχοντα
1130 1359 1386 1444 καρπὸν
1521 1364 1601 1443 ἒχ.
1676 1370 1946 1445 καρπῶν
2004 1359 2055 1423 Γ
2110 1364 2322 1426 Rohde

378 1500 458 1511 --
504 1472 921 1547 κυπαρίττων
965 1462 985 1547 ΙΙ
1026 1472 1423 1547 κυπαρίττος
1465 1461 1534 1526 Ω
1588 1473 1989 1547 κυπαρίττον
2034 1462 2084 1527 Γ
2129 1502 2213 1511 -
2256 1491 2325 1546 γε

376 1564 396 1649 ΙΙ
438 1592 505 1631 τε
549 1563 618 1627 Ω
661 1602 745 1611 —
792 1574 1219 1650 προσείρπυζε
1262 1565 1281 1650 ss
1325 1575 1718 1650 προσείρπυε
1745 1564 1867 1629 ΩΓ
1898 1585 2244 1650 προσειρπε
2274 1568 2326 1632 Ξῖ

366 1704 454 1713 -
507 1665 818 1751 βότρυσιν
862 1666 883 1752 ss
923 1667 1193 1751 βότρυσι
1238 1665 1362 1733 Ωἳῖ
1419 1706 1502 1715 -
1561 1668 1637 1735 τὸ
1683 1670 1849 1751 παρ’
1893 1670 2140 1750 οἷμφοῖν
2185 1667 2204 1753 ss
2246 1669 2324 1735 τὰ

370 1797 433 1838 π.
484 1770 637 1851 ἀμφ.
690 1773 743 1835 21
786 1806 871 1817 -
914 1769 1046 1836 ὑπὸ
1091 1787 1231 1850 ταῖς
1274 1769 1293 1854 ss
1338 1770 1470 1837 ὑπὸ
1515 1781 1650 1837 τῶν
1697 1773 1750 1836 91

329 1918 346 1934 .
378 1870 725 1955 παρῄειμεν
768 1872 787 1955 ss
829 1871 1161 1956 παρῄημεν
1193 1870 1243 1932 Γ
1288 1910 1371 1920 -
1415 1872 1700 1940 τοσοῦτό
1745 1901 1814 1955 γε
1887 1872 2210 1941 τοσοῦτόν
2254 1900 2322 1955 γε

372 1972 495 2039 Ωἳῖ
541 2013 622 2021 -
669 1978 802 2041 εἶπε
846 1972 865 2060 ΙΙ
908 1978 1084 2041 εἶπεν
1128 1973 1181 2037 Γ
1238 2011 1323 2023 —·
1382 1978 1511 2042 ἐστι
1617 1980 1788 2043 ἔστιν
1833 1974 1883 2037 Γ
1931 2015 2013 2023 -
2055 1981 2323 2043 θέλουσι

376 2076 396 2161 ss
435 2082 747 2144 θέλουσιν
805 2076 857 2139 Γ
915 2115 997 2125 -
1055 2086 1186 2143 καὶ
1244 2077 1409 2144 κατὰ
1453 2078 1673 2147 νώτου
1715 2077 1736 2164 Ι
1778 2100 1894 2143 om.
1940 2086 2046 2145 καὶ
2091 2075 2196 2143 ἳῖΓ
2239 2115 2304 2125 -

371 2179 705 2263 εῦμαρείας
734 2179 755 2264 ss
786 2181 1088 2264 εὐμαρίας
1121 2177 1170 2241 Γ
1201 2216 1287 2225 -
1316 2191 1715 2263 παρελθοῦσι
1745 2180 1766 2265 ss
1795 2190 2236 2264 παρελθοῦσιν
2267 2178 2317 2240 Γ

329 2327 345 2344 .
379 2290 661 2364 κλειδοφ.
712 2282 731 2364 ΙΙ
774 2290 1023 2363 κλιδοφ.
1079 2280 1125 2343 Γ
1170 2319 1250 2329 -
1312 2286 1436 2365 εἶχε
1477 2281 1497 2367 ss
1541 2286 1703 2365 εἶχεν
1749 2281 1800 2344 Γ
1846 2321 1928 2331 -
1986 2288 2262 2361 ἐλλιπεῖς
2305 2280 2325 2365 ΙΙ

375 2387 681 2463 ἐλλειπεῖς
726 2382 793 2447 Ω
850 2422 933 2431 -
975 2384 1131 2468 μήτε
1173 2384 1192 2470 ΙΙ
1232 2384 1519 2468 μηοτὶὸῖ)
1563 2408 1642 2447 m.
1697 2394 1722 2449 1
1772 2384 1823 2446 Γ
1869 2422 1952 2433 -
1995 2384 2266 2467 πιότητα
2311 2384 2330 2467 ss

374 2483 687 2569 ποιότητα
717 2483 841 2550 Ωἳῖ
890 2522 963 2531 -
1000 2490 1321 2568 ἑκατέρων
1362 2486 1386 2573 ss
1427 2490 1735 2569 ἑκατέρου
1767 2487 1818 2549 Ξῖ
1852 2523 1932 2533 -
1962 2496 2263 2563 τοιοῦτος
2308 2484 2328 2568 ss

370 2598 631 2655 τοιοῦτο
678 2589 729 2651 Ξῖ
775 2624 855 2634 -
902 2587 1273 2671 Γανυμήδης
1317 2586 1336 2673 ss
1381 2586 1789 2671 Γαννυμὴδης
1836 2590 1888 2653 ἳῖ
1933 2623 2016 2634 -
2059 2586 2133 2653 τὸ
2182 2593 2324 2653 νέκ-

367 2717 487 2773 ταρ
532 2690 551 2775 ss
593 2690 711 2757 τὸν
768 2696 1044 2775 νέκταρα
1100 2712 1256 2755 corr.
1301 2696 1363 2754 in
1422 2691 1498 2758 τὸ
1543 2696 1777 2774 νέκταρ
1837 2712 1956 2754 ras·
2002 2688 2054 2750 Γ
2099 2729 2183 2737 -
2230 2694 2325 2756 ἐν-

366 2802 722 2872 θεαστικῶς
764 2791 785 2877 ss
827 2796 985 2860 ἔνθα
1030 2794 1309 2872 α’στικῶς
1356 2795 1409 2858 21
1455 2832 1537 2841 —-
1581 2794 1996 2877 α’νυγραίνων
2040 2791 2060 2875 ss
2103 2792 2322 2874 ὑγραί-

281 2922 289 2929 ·
374 2919 512 2959 νων
558 2896 611 2958 21
654 2931 738 2941 -
781 2893 1057 2978 τακερόν
1102 2892 1121 2977 ss
1161 2894 1494 2979 τακηρόνῖ
1537 2893 1587 2955 Γ

332 3040 349 3056 .
383 2997 631 3073 εἴδομεν
674 2993 693 3078 ss
739 2997 956 3074 ἴδομεν
999 2992 1050 3055 Γ
1093 3030 1178 3041 -—
1220 2993 1428 3062 τᾶλλα
1473 2996 1491 3081 ΙΙ
1532 2995 1610 3061 τὰ
1657 2995 1821 3062 ἄλλα
1850 2993 1974 3057 Ωἳῖ
2017 3032 2103 3041 -
2147 3002 2324 3074 νομί-

369 3107 502 3179 ζων
542 3100 561 3182 ΙΙ
610 3106 879 3177 νομίσας
938 3100 990 3163 21
1049 3135 1131 3145 —
1190 3097 1393 3164 αὐτὸν
1437 3097 1456 3183 ΙΙ
1500 3118 1614 3160 om.
1660 3094 1835 3163 ΩΞΙΓ
1879 3132 1963 3145 --
2021 3102 2324 3182 ἐνδιατρί-

366 3209 572 3278 βοντα
630 3208 724 3285 τῷ
785 3209 926 3285 ναῷ
966 3198 985 3283 ss
1029 3202 1099 3265 ἐν
1144 3209 1238 3287 τῷ
1284 3210 1426 3287 ναῷ
1470 3204 1956 3283 ἐνδιατρίβοντα
2001 3197 2068 3262 Ω
2113 3203 2182 3265 ἐν
2227 3203 2319 3287 τῷ

366 3311 509 3388 ναῷ
552 3308 965 3385 διατρίβοντα
997 3303 1049 3366 21
1091 3312 1187 3389 τῷ
1230 3313 1372 3389 ναῷ
1404 3306 1890 3386 ἐνδιατρίβοντα
1922 3299 1972 3362 Γ
2002 3336 2087 3347 -
2130 3308 2320 3367 δεισι-

367 3410 676 3483 δαίμονος
718 3402 739 3489 ss
780 3409 962 3470 δισιδ.
1009 3402 1059 3464 Γ
1104 3440 1187 3450 -—
1233 3404 1550 3486 ἄγιστείας
1593 3405 1611 3488 ΙΙ
1656 3404 1942 3485 α’γιστίας
1988 3402 2092 3468 211¹
2123 3440 2203 3449 —
2253 3406 2320 3469 ἐκ

372 3531 438 3571 τε
482 3505 602 3587 γὰρ
646 3505 666 3591 ss
708 3526 825 3569 om.
871 3531 936 3572 τε
981 3503 1050 3567 Ω

328 3654 342 3670 .
374 3606 658 3690 θελήσειε
704 3608 723 3692 ΙΙ
763 3606 1091 3691 θελήσειεν
1135 3606 1187 3669 Γ
1232 3644 1313 3654 —-
1372 3612 1687 3674 ἐπίσκοπα
1732 3606 1750 3692 ss
1794 3611 1896 3673 ἐπὶ
1956 3617 2208 3673 σκοποῦ
2252 3606 2320 3669 Ω

372 3714 731 3775 ἐπισκοποῦ
776 3707 881 3773 ἩΓ
910 3748 994 3757 -
1040 3720 1344 3795 συμφορᾷ
1388 3709 1654 3793 κατήφει
1697 3708 1716 3791 ss
1759 3730 1810 3776 σ.
1859 3717 1987 3775 καὶ
2031 3735 2167 3777 κατ.
2219 3707 2322 3773 ἳΙΓ

372 3848 448 3859 -—
524 3809 793 3895 κατήφει
860 3821 967 3879 καὶ
1033 3814 1125 3878 δι’
1186 3812 1281 3879 ὀλ.
1354 3813 1373 3897 ΙΙ
1437 3828 1740 3895 κατηφεῖ,
1802 3834 1918 3875 om.
1979 3819 2085 3877 καὶ
2144 3809 2318 3875 ἳῖΩΓ

367 3951 450 3962 -
494 3914 803 3995 ἅστοχίαν
844 3914 863 3998 ΙΙ
908 3914 1243 3997 α’στοχείαν
1282 3912 1332 3974 Γ
1368 3950 1441 3961 —-
1485 3912 1871 3996 ἐθεράπευεν
1915 3912 1933 3997 ss
1975 3912 2321 3996 ἐθεράπευε

367 4019 419 4081 21
466 4054 545 4063 —
602 4015 1060 4101 α’πενοήθησαν
1105 4016 1124 4102 ΙΙ
1166 4016 1610 4101 ἐπενοήθησαν
1667 4013 1842 4081 mu*
1887 4051 1972 4062 -—
2029 4015 2260 4081 ὄπισθε
2303 4014 2322 4096 ΙΙ

1906 4114 2011 4169 13*
