2750 4534
493 272 524 328 7
535 273 572 328 O
1357 273 1765 337 [ΛΟΥΚΙΑΝΟΥ]

383 454 459 511 82
488 442 607 528 τὴν
640 438 992 529 συμφορὰν
1024 436 1058 506 ὁ
1101 434 1515 528 Ἀντίφιλος.
1592 449 1693 512 32.
1740 436 2019 530 ὕστερον
2065 447 2135 512 δὲ
2170 439 2640 518 ἀποθανόντος

488 543 556 610 ἐν
600 547 696 628 τῷ
743 544 1176 630 δεσμωτηρίῳ
1225 544 1471 630 λῃστοῦ
1515 569 1697 622 τινος
1738 541 1876 612 ὑπὸ
1926 548 2315 635 φαρμάκων,
2361 541 2462 623 ῶς
2506 543 2639 610 ἐδό-

485 674 618 729 κει,
679 641 938 735 φυλακή
982 670 1055 711 τε
1101 638 1376 733 ἀκριβὴς
1423 645 1675 733 ἐγένετο
1731 650 1845 714 καὶ
1890 643 2109 716 οὐκέτι
2154 648 2407 736 παρῄει
2456 646 2529 724 ἐς
2568 647 2634 712 τὸ

486 750 729 837 οἴκημα
763 743 916 814 οὐδὲ
949 746 1042 824 εἷς
1072 749 1208 812 τῶν
1242 749 1628 830 λελυμένων.
1700 743 1813 836 ἐφ’
1854 749 1955 827 οἶς
1986 744 2265 834 ἀπορῶν
2293 752 2406 815 καὶ
2444 743 2637 815 ἀνιώ-

485 877 713 937 μενος,
761 845 876 916 οὗκ
923 849 1086 931 ἔχων
1133 844 1354 927 ἄλλως
1399 864 1718 936 παρεῖναι
1761 855 1858 938 τῷ
1904 851 2181 938 ἑταίρῳ,
2231 852 2708 936 προσαγγέλ-541

485 956 587 1021 λει
631 951 870 1020 ἑαυτὸν
930 950 1152 1017 ἐλθών
1211 950 1385 1036 πρὸς
1441 951 1559 1018 τὸν
1606 953 1977 1040 ἁρμοστήν,
2038 951 2133 1032 ῶς
2190 953 2292 1041 ε’ίη
2334 977 2640 1020 κεκοινω-

487 1054 696 1143 νηκὼς
740 1057 856 1140 τῆς
888 1052 1002 1119 ἐπὶ
1047 1051 1164 1120 τὸν
1184 1048 1505 1138 ’Ἀνουβιν
1535 1054 1915 1143 ἐπιβουλῆς.
1985 1051 2079 1134 ῶς
2108 1056 2179 1122 δὲ
2209 1059 2409 1122 τοῦτο
2445 1053 2639 1132 εἶπεν,

488 1151 782 1241 ἀπήγετο
830 1148 1034 1232 εὐθὺς
1081 1154 1146 1231 ἐς
1189 1153 1265 1220 τὸ
1318 1155 1805 1243 δεσμωτήριον,
1852 1160 1963 1224 καὶ
2010 1152 2248 1239 ἀχθεὶς
2295 1155 2494 1240 παρὰ
2536 1155 2640 1223 τὸν

479 1253 874 1344 Ἀντίφιλον
931 1295 1010 1306 --·
1070 1260 1268 1323 τοῦτο
1335 1261 1493 1342 γοῦν
1558 1257 1756 1341 μόλις
1830 1257 2053 1325 πολλὰ
2123 1259 2471 1335 ἱκετεύσας
2536 1256 2639 1324 τὸν

487 1360 958 1447 δεσμοφύλακα
1005 1357 1436 1444 ἐξειργάσατο
1485 1355 1653 1443 παρ’
1708 1353 1913 1426 αὐτοῦ
1956 1362 2247 1448 πλησίον
2289 1363 2390 1446 τῶ
2423 1355 2638 1428 Ἀντι-

487 1465 666 1551 φίλῳ
709 1464 817 1528 καὶ
867 1459 1000 1527 ὑπὸ
1060 1463 1157 1546 τῷ
1205 1453 1387 1546 αύτῷ
1429 1463 1634 1548 κλοιῷ
1681 1462 2007 1530 δεδέσθαι
2051 1501 2134 1512 --
2180 1463 2350 1529 ἔνθα
2412 1461 2493 1551 δὴ
2541 1464 2636 1528 καὶ

483 1566 780 1648 μάλιστα
812 1562 1022 1641 ἔδειξε
1051 1561 1171 1647 τὴν
1204 1557 1469 1628 εὔνοιαν
1498 1560 1579 1650 ἣν
1610 1560 1741 1646 εἶχε
1774 1564 1945 1648 πρὸς
1978 1557 2198 1645 αὐτόν,
2231 1559 2501 1649 ἀμελῶν
2530 1565 2637 1648 μὲν

483 1670 613 1732 τῶν
641 1659 807 1730 καθ’
845 1663 1082 1731 ἑαυτὸν
1114 1665 1382 1731 δεινῶν·
1431 1702 1512 1714 —
1543 1671 1764 1732 καίτοι
1810 1665 2086 1754 ἐνόσησε
2140 1669 2247 1732 καὶ
2298 1660 2534 1744 αὗτός·
2566 1706 2637 1714 -

485 1766 1008 1852 ἐπιμελούμενος
1065 1767 1136 1832 δὲ
1182 1764 1375 1844 ὅπως
1430 1765 1677 1845 ἐκεῖνος
1732 1768 2026 1850 μάλιστα
2070 1768 2483 1857 καθευδήσει
2540 1772 2635 1834 καὶ

483 1863 680 1956 ἧττον
727 1862 1108 1936 ἀνιάσεται·
1171 1861 1346 1934 ὥστε
1392 1869 1554 1956 ῥᾷον
1600 1868 1841 1955 ἔφερον
1899 1864 2049 1953 μετ’
2102 1864 2409 1958 ἀλλήλων
2456 1896 2637 1938 κακο-

379 1977 457 2034 83
489 1972 893 2047 παθοῦντες.
965 1975 1064 2037 33.
1107 1969 1327 2056 χρόνῳ
1359 1969 1433 2036 δὲ
1460 1972 1570 2036 καὶ
1602 1970 1867 2037 τοιόνδε
1908 1997 1977 2037 τι
2008 1970 2405 2055 προσπεσόν
2438 1973 2638 2038 ἔπαυ-
2728 1969 2730 1992 ¹

487 2095 599 2138 σεν
657 2069 772 2136 ἐπὶ
819 2071 1027 2136 πλέον
1088 2064 1330 2147 αὐτοὺς
1391 2071 1900 2153 δυστυχοῦντας·
1961 2071 2056 2151 εἶς
2098 2072 2225 2159 γὰρ
2282 2076 2418 2139 τῶν
2467 2074 2639 2140 δεδε-

483 2179 700 2257 μένων
770 2168 885 2239 οὗκ
953 2167 1083 2240 οἶδ’
1161 2166 1330 2241 ὅθεν
1399 2175 1581 2263 ῥίνης
1640 2169 2023 2263 εὐπορήσας
2086 2179 2199 2243 καὶ
2258 2178 2639 2261 συνωμότας

485 2275 778 2354 πολλοὺς
823 2278 954 2341 τῶν
988 2276 1349 2359 δεσμωτῶν
1382 2276 1792 2361 προσλαβών
1839 2270 2174 2363 ἀποπρίει
2218 2302 2292 2344 τε
2320 2277 2440 2364 τὴν
2490 2271 2637 2344 ἅλυ-

484 2401 623 2458 σιν,
681 2371 726 2466 ᾗ
788 2377 1087 2444 ἐδέδεντο
1148 2376 1328 2465 ἑξῆς,
1400 2381 1531 2443 τῶν
1589 2379 1831 2444 κλοιῶν
1892 2378 1988 2457 εἷς
2048 2373 2251 2468 αὐτὴν
2313 2381 2637 2466 διειρομέ-
2726 2397 2728 2402 ·

485 2505 634 2561 νων,
679 2482 790 2545 καὶ
839 2473 1125 2546 ἀπολύει
1171 2471 1513 2556 ἅπαντας·
1562 2480 1626 2546 οἱ
1674 2480 1747 2545 δὲ
1780 2474 2295 2559 ἀποκτείναντες
2340 2477 2635 2568 εὐμαρῶς
2652 2493 2703 2541 542

482 2576 748 2670 ὀλίγους
792 2577 992 2660 ὄντας
1049 2582 1207 2660 τοὺς
1254 2582 1556 2668 φύλακας
1614 2581 1993 2668 ἐκπηδῶσιν
2041 2576 2311 2668 ἀθρόοι.
2407 2583 2635 2652 ἐκεῖνοι

481 2686 603 2768 μὲν
662 2671 776 2750 οὗν
831 2684 905 2750 τὸ
967 2689 1350 2769 παραυτίκα
1408 2681 1581 2749 ἔνθα
1639 2683 1950 2752 ἐδύναντο
2010 2683 2286 2762 ἕκαστος
2344 2686 2635 2753 διασπα-

483 2793 702 2872 ρέντες
760 2780 1034 2870 ὕστερον
1093 2785 1614 2874 συνελήφθησαν
1684 2787 1749 2852 οἱ
1807 2788 2089 2873 πολλοί·
2160 2782 2195 2850 ό
2257 2788 2637 2876 Δημήτριος
2724 2779 2726 2786 “

485 2888 558 2953 δὲ
601 2891 713 2954 καὶ
759 2885 792 2954 ὃ
836 2881 1227 2976 Ἀντίφιλος
1269 2886 1439 2953 κατὰ
1478 2887 1705 2972 χώραν
1751 2886 2018 2971 ἔμειναν
2032 2941 2049 2970 ,
2106 2892 2217 2955 καὶ
2263 2893 2385 2956 τοῦ
2432 2891 2635 2975 Σύροι·

488 2989 848 3072 λαβόμενοι
889 2984 1014 3077 ἤδη
1063 2983 1404 3067 ἀπιόντος.
1482 2988 1632 3056 ἐπεὶ
1680 2990 1752 3056 δὲ
1794 2986 2010 3078 ἡμέρα
2056 2990 2347 3077 ἐγένετο,
2395 2991 2637 3076 μαθών

484 3086 518 3156 ὃ
553 3090 672 3179 τὴν
717 3092 1077 3177 Αἴγυπτον
1124 3091 1691 3178 ἐπιτετραμμένος
1736 3091 1812 3158 τὸ
1848 3093 2261 3182 συμβεβηκὸς
2304 3088 2421 3161 ἐπ’
2475 3096 2637 3162 ἐκεί-
2722 3087 2724 3104 ³

485 3216 636 3270 νους
691 3193 812 3276 μὲν
858 3193 1128 3278 ἔπεμψε
1181 3193 1337 3271 τοὺς
1384 3194 1857 3277 διωξομένους,
1918 3195 2529 3279 μεταστειλάμενος
2574 3196 2636 3261 δὲ

481 3294 638 3372 τούς
671 3287 849 3382 ἀμφὶ
878 3295 994 3361 τὸν
1030 3295 1417 3383 Δημήτριον
1451 3291 1745 3363 ἀπέλυσε
1789 3299 1921 3363 τῶν
1970 3297 2227 3380 δεσμῶν
2272 3290 2634 3374 ἐπαινέσας

481 3390 587 3464 ὅτι
631 3397 830 3482 μόνοι
878 3391 993 3464 οὔκ
1039 3393 1467 3482 ἀπέδρασαν·
1520 3391 1667 3463 ἀλλ’
1722 3391 1838 3465 οὗκ
1884 3392 2122 3467 ἐκεῖνοί
2164 3425 2237 3484 γε
2280 3393 2633 3488 ἠγάπησαν

482 3499 691 3577 οὕτως
737 3494 1121 3587 ἀφιέμενοι,
1170 3497 1333 3585 ἐβόα
1380 3498 1452 3565 δὲ
1496 3495 1532 3565 ὃ
1580 3500 1965 3589 Δημήτριος
2008 3505 2119 3568 καὶ
2166 3500 2350 3568 δεινὰ
2403 3495 2631 3578 ἓποίει,
2720 3493 2722 3508 ’

481 3596 871 3670 ἀδικεῖσθαι
932 3607 1112 3690 σφᾶς
1172 3595 1248 3668 οὗ
1297 3602 1573 3687 σμικρά,
1634 3602 1695 3668 εἰ
1740 3602 2013 3681 δόξουσι
2055 3607 2409 3690 κακοῦργοι
2454 3601 2634 3680 ὄντες

481 3698 644 3790 ἐλέῳ
704 3694 744 3790 ἢ
791 3698 1050 3791 ἐπαίνῳ
1104 3707 1224 3770 τοῦ
1278 3700 1369 3791 μὴ
1420 3695 1806 3787 ἀποδρᾶναι
1864 3698 2240 3792 ἀφεῖσθαι·
2295 3709 2408 3774 καὶ
2452 3708 2635 3781 τέλος

483 3803 866 3897 ἠνάγκασαν
931 3806 1048 3873 τὸν
1117 3806 1428 3893 δικαστὴν
1488 3801 1775 3891 ἀκριβῶς
1844 3806 1917 3873 τὸ
1980 3811 2257 3893 πρᾶγμα
2316 3802 2630 3886 ’ξετάσαι.
2718 3807 2720 3810 ⁴

482 3906 517 3975 ὃ
567 3908 639 3974 δὲ
685 3904 834 3975 ἐπεὶ
892 3907 1148 3991 ἔμαθεν
1208 3905 1400 3976 οὐδὲν
1460 3903 1883 3989 ἀδικοῦντας,
1952 3903 2318 3987 ἐπαινέσας
2380 3905 2629 4001 αὐτούς,

481 4009 598 4074 τὸν
642 4011 1028 4097 Δημήτριον
1085 4010 1158 4075 δὲ
1213 4013 1322 4076 καὶ
1372 4010 1550 4076 πάνυ
1608 4011 1972 4094 θαυμάσας
2032 4005 2279 4099 ἀφίησι
2326 4039 2629 4100 παραμυ-
