2750 4534
447 289 571 349 206

439 1809 491 1850 e.
522 1796 620 1851 22.

436 2628 485 2668 c.
516 2613 615 2670 23.

1391 288 1651 343 LUmANI

660 496 743 507 ·--
786 460 966 544 Ἄτην
998 460 1015 545 11
1045 460 1247 544 αὖτην
1300 468 1458 525 1324
1492 498 1572 509 --
1606 460 1854 543 κράατα
1883 458 2132 545 11κράτα
2170 466 2331 521 1324
2365 462 2615 540 κρέατα

658 561 727 625 Ω
776 600 853 611 —-
898 574 1109 646 ψυχῆς
1152 562 1173 649 11
1216 563 1410 647 τύχης
1441 560 1562 625 ΩΓ
1601 569 1760 626 1324
1793 566 1843 623 Β
1889 600 1972 609 -
2018 566 2202 627 ἐπειὸ.
2253 559 2374 643 γὰρ
2421 558 2442 643 11
2483 581 2610 621 om.

658 665 779 747 γὰρ
810 669 885 747 A,
916 663 1038 727 ΩΓ
1084 702 1167 711 -
1210 676 1520 732 τοιοῦτον
1563 664 1584 750 11
1625 664 1802 733 οὕτω
1843 672 2002 728 1324
2047 700 2132 710 -
2175 660 2544 743 ἀναβιβάσῃ
2589 659 2611 744 11

656 767 1027 847 α’ναβιβάσει
1082 774 1241 831 1324
1292 804 1367 815 -
1417 768 1500 835 οὐ
1533 774 1842 847 μένουσιν
1871 767 1892 853 11
1919 767 2001 834 ου’
2027 772 2292 845 μένουσι
2323 764 2446 847 γὰρ
2476 762 2609 826 ΑΩ

654 906 738 917 --
784 870 936 936 οὐδ’
980 871 1278 953 α’φορῶσι
1333 869 1510 937 κάτω
1555 870 1574 953 11
1615 892 1731 933 om.
1787 876 1944 933 1324
1991 906 2074 915 -
2119 874 2183 934 οἱ
2230 867 2458 950 Ἰκαροι
2501 864 2526 951 Ι
2569 867 2608 931 ὁ

652 969 888 1055 ’Ϊκαρος
943 970 1065 1034 ΩΓ
1104 980 1261 1036 1324
1293 977 1343 1035 Β
1399 1010 1479 1019 -
1539 973 1764 1051 αὐτοῖς
1807 971 1827 1056 11
1871 970 2078 1038 αὐτοῦ
2137 968 2206 1032 Ω
2263 1006 2340 1015 -
2393 978 2610 1052 κηροῦ

653 1072 673 1157 11
714 1085 925 1158 μηροῦ
978 1082 1135 1139 1324
1185 1114 1265 1123 --
1324 1074 1780 1155 ἐταμιεύσαντο
1887 1078 2265 1152 ἐταμίευσαν
2311 1071 2388 1138 τὸ
2442 1078 2604 1133 1324

654 1214 736 1223 --
782 1176 996 1260 φορὰν
1041 1176 1060 1261 11
1102 1178 1366 1262 φθορὰν
1411 1181 1464 1241 Α
1509 1216 1592 1225 -
1638 1177 1864 1255 αὐτοῖς
1909 1178 2006 1243 αἐὶ
2049 1175 2068 1259 11
2111 1176 2207 1241 αἐὶ
2260 1175 2488 1251 αὐτοῖς
2535 1170 2604 1233 Ω

653 1314 736 1325 -
782 1276 966 1345 οὗτοι
1013 1286 1077 1345 δὲ
1184 1278 1370 1347 οὗτοι
1417 1286 1481 1345 δὲ
1527 1279 1657 1359 ἅμα
1704 1278 1774 1342 Ω
1819 1318 1902 1327 -—
1947 1280 2094 1359 α’σφ.
2143 1304 2212 1343 τε
2241 1276 2371 1355 ἅμα
2417 1276 2437 1357 11
2485 1297 2603 1337 om·

652 1382 710 1442 h.
748 1385 788 1443 l.
834 1408 903 1447 τε
932 1380 1061 1459 ἅμα
1091 1380 1161 1444 Ω
1206 1418 1288 1431 --
1334 1381 1778 1461 α’πολαμβάνει
1821 1382 1841 1465 11
1885 1378 2370 1459 ἀπολαμβάνειν
2417 1377 2488 1439 Ω
2522 1415 2603 1424 -

652 1483 1019 1565 εὐχομένων
1062 1484 1082 1569 11
1124 1485 1497 1567 εὐχομένωῗ
1542 1483 1611 1546 Ω
1656 1522 1735 1531 -
1793 1495 1998 1550 ταῦτα
2041 1482 2061 1567 11
2104 1504 2219 1546 om.
2264 1479 2334 1543 Ω
2383 1518 2465 1527 --
2511 1484 2604 1546 ἔτι

652 1594 853 1651 πλείω
882 1584 903 1669 11
932 1590 1033 1651 ἐπὶ
1077 1596 1277 1652 πλείω
1323 1584 1428 1649 ΓΒ
1475 1591 1576 1653 ἐπὶ
1622 1598 1849 1653 πλεῖον
1891 1583 1961 1647 Ω
2014 1576 2171 1647 1324
2217 1620 2302 1630 -
2343 1580 2602 1664 τάγαθά

648 1685 667 1769 11
709 1687 789 1753 τὰ
836 1686 1049 1768 άγαθά
1095 1686 1164 1749 Ω
1208 1724 1289 1735 --

652 1799 810 1870 γίγν.
850 1789 871 1873 11
904 1817 1008 1871 γιν
1038 1794 1088 1852 Β
1136 1827 1213 1837 -
1261 1800 1508 1856 καλλίω
1539 1792 1558 1875 11
1585 1800 1876 1857 καλλίων
1906 1788 1976 1852 Ω
2015 1795 2172 1853 1324
2205 1791 2255 1849 Β
2290 1824 2375 1834 —
2420 1790 2604 1869 ἐρασ-

651 1897 972 1974 μιωτέραν
1015 1891 1033 1976 11
1075 1896 1510 1976 ἐρασμιωτέρα
1539 1898 1614 1975 A,
1641 1890 1762 1955 ΩΓ
1804 1900 1960 1955 1324
1993 1895 2042 1953 Β
2081 1928 2170 1985 1-
2214 1889 2339 1955 ὑπ’
2371 1888 2558 1975 αὐτῷ
2585 1887 2604 1971 11

650 1994 762 2057 ὑπ’
791 1994 1012 2060 αὐτῶν
1040 1999 1114 2076 Α,
1142 1993 1211 2057 Ω
1258 2003 1416 2060 1324
1449 2000 1498 2058 Β
1544 2030 1629 2040 -
1686 2004 1887 2075 φῦναι
1946 2019 2085 2074 γυν.
2133 1990 2153 2075 11
2195 2020 2251 2073 y.
2299 2001 2505 2072 φῦναι
2551 1994 2600 2052 Β

650 2131 731 2141 -
776 2096 859 2162 οὐ
902 2096 1021 2180 γὰρ
1066 2124 1126 2176 μ.
1177 2096 1195 2181 11
1240 2099 1321 2164 ου’
1364 2125 1426 2177 μ.
1478 2097 1598 2181 γὰρ
1629 2096 1698 2159 Ω
1741 2134 1823 2145 --
1863 2103 2124 2180 χρυσείῃ
2167 2100 2284 2173 μὲν
2329 2093 2536 2177 αὐτὴν
2585 2092 2606 2174 11

642 2223 697 2278 χ.
732 2226 792 2277 μ.
830 2197 991 2283 αὕτη
1023 2204 1097 2281 A,
1129 2198 1251 2261 ΩΓ
1291 2208 1449 2263 1324
1481 2205 1530 2263 Β
1567 2236 1640 2245 -
1681 2200 2014 2282 Ἀφροδίτῃ
2045 2197 2066 2282 11
2093 2201 2224 2261 sine
2253 2224 2274 2261 ι
2313 2199 2516 2259 adsor.
2547 2200 2597 2257 B

647 2336 731 2347 --
777 2301 1070 2385 Ἀθηναίῃ
1116 2304 1279 2386 αὐτῇ
1321 2302 1340 2388 11
1385 2304 1548 2385 αὐτῇ
1599 2304 1717 2369 Ἀθ.
1754 2306 1840 2383 A,
1871 2300 1976 2363 ΓΒ
2016 2307 2173 2365 1324
2227 2338 2311 2347 --
2367 2306 2599 2379 ἰσοφα-

649 2412 845 2485 ρίζειν
900 2404 920 2488 11
977 2412 1359 2488 ἰσοφερίζειν
1416 2409 1466 2467 Β
1525 2444 1606 2453 -
1671 2404 1820 2472 οὔτε
1875 2432 1936 2470 τι
1978 2403 2000 2488 fl
2041 2402 2194 2471 οὔτ’
2253 2405 2342 2467 ἔτι
2401 2405 2451 2463 Β
2513 2438 2593 2446 -

648 2509 799 2589 ἔργα
844 2509 863 2593 11
908 2512 1096 2590 ἔργον
1150 2515 1309 2571 1324
1357 2547 1441 2556 -

650 2610 923 2677 ἁπασῶν
965 2612 983 2695 11
1028 2610 1284 2677 ἅπασαν
1337 2618 1496 2673 1324
1541 2649 1624 2658 -
1671 2614 1733 2687 ἐς
1774 2608 1793 2694 11
1837 2630 1953 2672 om.
1984 2613 2058 2690 Α,
2081 2604 2274 2687 ΩΓΒ,
2314 2612 2474 2668 1324
2510 2644 2595 2654 -

646 2717 1022 2795 παρέχωμεν
1051 2713 1069 2796 11
1098 2718 1457 2796 παρέχομεν
1493 2710 1560 2775 Ω
1611 2748 1684 2757 —-
1733 2728 1872 2790 τοῖς
1915 2738 1983 2777 τε
2013 2711 2032 2797 11
2059 2727 2196 2789 τοῖς
2240 2736 2309 2790 γε
2352 2706 2461 2771 ΑΓ
2509 2745 2594 2755 —-

649 2813 953 2881 Ἀπελλοῦ
994 2815 1013 2898 11
1060 2816 1400 2894 Ἀπελλοῦς
1443 2814 1585 2896 ΩΓ,
1652 2816 1857 2877 1324?
1916 2850 1999 2859 —
2055 2820 2162 2878 καὶ
2207 2810 2364 2894 αὐτὴ
2409 2812 2428 2894 11
2471 2832 2592 2873 om.

646 2924 753 2981 καὶ
804 2924 963 2980 1324
1010 2956 1084 2963 -
1139 2917 1296 3001 αὐτὴ
1341 2917 1361 3002 11
1405 2918 1567 3000 αὐτῆ
1610 2922 1685 2999 A,
1716 2914 1785 2978 Ω
1829 2917 2016 2999 αὐτῆι
2046 2915 2148 2977 ΓΒ
2193 2952 2274 2961 —-
2321 2917 2531 2997 ἐκείνη
2575 2914 2593 2997 11

648 3022 877 3101 ἐκείνηι
909 3017 1009 3082 ΓΒ
1054 3056 1137 3065 —-
1181 3025 1610 3103 κεχωρισμένη
1639 3019 1660 3105 11
1687 3024 2104 3102 κεχαρισμένα
2141 3024 2301 3081 1324
2335 3054 2420 3064 -
2449 3016 2588 3103 ὅσῳ

646 3120 779 3187 ὥσο
836 3123 974 3207 (sie)
1035 3130 1193 3186 1324
1241 3160 1314 3169 —-
1368 3132 1708 3206 πεποίηται
1765 3122 1784 3206 11
1841 3129 2218 3204 πεποίηνται
2282 3126 2443 3182 1324
2505 3156 2589 3167 -

645 3226 1005 3303 ἐπιπνοίαις
1032 3224 1051 3309 11
1082 3228 1394 3303 ἐπινοίαις
1421 3229 1496 3307 A,
1529 3222 1649 3286 ΩΓ
1681 3231 1838 3287 1324
1871 3262 1953 3271 -
1985 3226 2266 3290 εἴκασται
2293 3219 2314 3307 11
2341 3225 2590 3290 εἴκασαι

642 3327 711 3390 Ω
759 3364 832 3373 —-
884 3328 1043 3412 ἤπερ
1090 3326 1109 3411 11
1152 3330 1323 3411 εἴπερ
1371 3325 1472 3389 ΓΒ
1512 3336 1686 3394 1324.
