2750 4534
715 1169 1189 1253 LUCIANI
1235 1166 1730 1253 AMORES.

885 1478 1203 1540 Lectiones
1252 1479 1536 1539 Codicum

262 1580 581 1642 Marciani
624 1584 747 1640 434
794 1574 863 1639 Ω
907 1578 1260 1657 posterioris
1288 1584 1448 1655 part.
1483 1578 1628 1640 Ood.
1660 1579 1738 1639 N.
1773 1584 1846 1639 51
1882 1578 2015 1639 Fol.
2050 1582 2171 1639 290
2202 1598 2293 1656 sq.

268 1682 556 1745 Vaticani
602 1686 675 1743 87
728 1680 780 1743 21
826 1699 879 1741 o.
934 1685 1133 1741 1-20

272 1784 559 1847 Vaticani
602 1790 681 1845 90
728 1778 781 1842 Γ
827 1802 881 1845 ο.
927 1787 1127 1845 1--13
1174 1783 1628 1845 Sommerbrodt
1674 1800 1727 1843 c.
1769 1785 2011 1843 14-54
2059 1782 2292 1844 Rohde.

587 1956 853 2017 collatae
898 1971 1031 2015 cum
1077 1954 1342 2015 editione
1393 1954 1832 2015 Teubneriana.

145 2120 189 2162 e.
226 2112 275 2166 l.
304 2112 565 2185 παιδιᾶς
606 2104 625 2188 ΙΙ
670 2111 956 2182 παιδείας
991 2100 1060 2165 Ω
1106 2142 1188 2151 -
1232 2102 1676 2187 κατεύφρανεν
1721 2102 1740 2187 ΙΙ
1780 2102 2293 2189 κατεύφραινενῖ

297 2204 366 2269 Ω
413 2244 497 2255 -
542 2205 809 2290 εὑρέθης
852 2203 869 2287 ΙΙ
912 2204 1141 2289 εὑρέθη
1186 2202 1236 2265 Γ
1286 2240 1359 2251 --
1411 2208 1653 2285 ἐφεῖται
1695 2204 1714 2288 ΙΙ
1758 2206 2011 2287 ἀφεῖται
2061 2203 2165 2270 ἳΙΓ
2212 2242 2294 2253 --

288 2308 625 2393 Ἡράκλεια
670 2308 688 2389 ΙΙ
722 2307 1034 2392 Ἡρακλέα
1078 2306 1130 2369 Γ
1177 2342 1259 2355 --
1306 2314 1486 2373 δοκεῖ
1522 2333 1634 2385 μοι
1676 2304 1696 2391 ΙΙ
1735 2334 1796 2386 μ.
1851 2315 2030 2374 δοκεῖ
2070 2309 2121 2371 21

147 2428 191 2469 e.
221 2416 276 2473 2.
306 2418 391 2491 εἰς
437 2410 593 2490 τοὺς
638 2414 737 2491 ἐφ.
782 2408 802 2494 ΙΙ
846 2414 908 2488 ἐς
952 2437 1006 2475 τ.
1053 2412 1152 2490 ἐφ.
1186 2412 1239 2473 91
1282 2446 1366 2457 *-
1413 2408 1540 2475 ἀπ’
1583 2404 1806 2475 ἄλλων
1849 2408 1868 2491 ΙΙ
1913 2410 2023 2475 ἐπ’
2071 2404 2293 2475 ἄλλων

296 2510 476 2581 mn*
520 2548 601 2561 --
658 2520 813 2593 πρὶν
857 2512 895 2595 ἢ
939 2519 1124 2595 λῆξαι
1169 2510 1326 2590 τοὺς
1370 2516 1728 2595 προτέρους
1772 2509 1792 2595 [Ι
1835 2536 1896 2577 π.
1947 2510 2001 2594 ἢ.
2054 2522 2108 2577 λ.
2159 2522 2294 2578 τῶν

298 2620 640 2699 προτέρων
684 2611 753 2676 Ω
813 2640 875 2681 π.
929 2613 967 2697 ἢ
1014 2624 1067 2681 λ.
1130 2612 1248 2679 τὸν
1293 2615 1484 2697 ἔργον
1529 2614 1581 2677 21
1625 2640 1728 2697 πρ.
1778 2612 1815 2695 ἢ
1859 2623 1912 2679 λ.
1977 2612 2094 2679 τὸν
2140 2640 2295 2697 προ-

298 2724 528 2802 τέρους
562 2715 615 2779 Γ
638 2755 721 2764 -
766 2715 1049 2801 δεύτεροι
1078 2717 1095 2801 ΙΙ
1127 2723 1165 2781 δ
1206 2715 1278 2781 ἐῢ
1326 2717 1457 2794 (sic)
1503 2717 1556 2780 91
1593 2752 1672 2761 —-
1703 2724 1981 2798 Λερναῖα
2056 2722 2295 2800 Λερνέα

305 2816 348 2879 Γ
392 2857 479 2867 -
524 2828 940 2900 παλιμφυοῦς
968 2819 988 2903 ΙΙ
1017 2828 1432 2899 παλινφυοῦς
1463 2819 1516 2882 91
1555 2854 1639 2865 ——
1675 2816 1849 2884 οὕτω
1879 2816 1900 2899 ΙΙ
1928 2816 2140 2897 οὕτως
2173 2816 2295 2881 ΩΓ

302 2956 375 2967 -
430 2920 705 3000 ὄμμασιν
749 2920 768 3006 ΙΙ
815 2917 1102 2999 σώμασιν
1139 2922 1191 2985 21
1238 2956 1318 2967 --
1364 2926 1451 2998 εἰς
1497 2917 1699 2986 αὑτὸν
1741 2920 1760 3004 ΙΙ
1806 2926 1894 2999 εἰς
1939 2920 2142 2987 αὐτὸν
2171 2918 2296 2986 Ωἳῐ

306 3060 389 3071 -
438 3022 653 3106 ὕβρεις
682 3023 699 3105 ΙΙ
731 3024 858 3107 ἔρις
904 3019 1008 3087 211¹
1053 3058 1133 3067 —
1181 3022 1517 3106 ἀγροικίαν
1545 3021 1564 3106 ΙΙ
1593 3022 1960 3106 ἅγροικείαν
2004 3020 2056 3083 Γ
2099 3059 2182 3070 -

151 3137 190 3184 c.
218 3126 271 3184 3.
300 3122 797 3209 προσεκλήρωσε
829 3122 852 3207 ΙΙ
884 3177 898 3190 .
917 3177 932 3190 .
952 3150 990 3189 ν
1013 3122 1063 3185 Γ
1090 3159 1172 3169 -
1196 3130 1495 3206 γυναιξὶν
1522 3122 1540 3208 ΙΙ
1570 3130 1824 3205 γυναιξὶ
1845 3121 1914 3186 Ω
1947 3160 2025 3171 --
2053 3124 2296 3191 σαυτὸν

298 3224 317 3309 ΙΙ
354 3236 594 3310 σαυτῆς
638 3227 691 3292 91
741 3262 813 3271 -
862 3224 963 3291 ὅτι
1008 3246 1109 3294 σοι
1152 3225 1171 3310 ss
1208 3248 1325 3290 om.
1377 3247 1481 3293 σοι
1513 3227 1565 3291 21
1605 3264 1689 3273 —
1731 3220 1855 3293 οὐδ
1870 3226 1886 3250 ³
1920 3229 2058 3306 ἐμπ.
2095 3226 2293 3312 noi-<52

302 3332 524 3413 έμπορ.
564 3325 688 3391 ΩΓ
722 3331 981 3405 (Rohde)
1024 3363 1108 3375 --
1138 3327 1491 3411 ἐμπορικὰς
1521 3326 1681 3407 ἅλας
1712 3336 1819 3394 καὶ
1852 3348 2068 3413 στρατ.
2099 3330 2116 3411 ΙΙ
2147 3333 2285 3408 έμπ.

303 3426 502 3507 ἄλλος
548 3427 699 3494 οὐδὲ
738 3447 869 3509 στρ.
907 3427 959 3490 21
1002 3428 1141 3505 ἐμπ.
1193 3420 1398 3505 ἄλλας
1427 3434 1535 3492 καὶ
1574 3449 1704 3510 στρ.
1743 3423 1793 3487 Γ
1823 3460 1920 3514 -4
1949 3426 2076 3509 μὴν
2120 3426 2138 3510 ΙΙ
2177 3453 2290 3505 μιν

301 3530 361 3591 in
408 3550 527 3593 ras.
558 3527 628 3591 Ω
670 3556 781 3607 μιν
823 3527 874 3589 Γ
922 3566 1002 3575 -
1046 3534 1154 3594 καὶ
1201 3528 1361 3595 αὐτὸ
1405 3528 1424 3613 ΙΙ
1469 3550 1584 3592 om.
1643 3536 1750 3595 καὶ
1793 3525 1970 3593 ΩἳΙΓ
2015 3565 2097 3577 --
2144 3531 2244 3611 ἴση
2279 3519 2297 3603 ss

303 3632 429 3715 ἴσηι
475 3629 524 3693 Γ
569 3667 652 3679 —-
709 3634 811 3714 ἴση
857 3637 923 3697 δὲ
1025 3651 1141 3693 om.
1201 3636 1266 3696 δὲ
1326 3628 1502 3695 ΩἳῑΓ
1547 3666 1628 3677 --
1676 3628 1873 3713 ἡδονὴ
1915 3627 1935 3715 Ι]
1976 3631 2201 3714 ἡδονῆι
2247 3628 2298 3693 Γ

306 3768 385 3781 --
441 3731 518 3799 τὸ
575 3749 874 3816 παρεῖναι
916 3732 937 3817 fl
980 3741 1075 3798 τῶ
1132 3758 1193 3799 π.
1255 3728 1382 3797 ml
1436 3741 1554 3797 τῶι
1609 3757 1672 3798 π.
1739 3730 1789 3793 Γ
1835 3768 1919 3779 -
1975 3740 2082 3798 καὶ
2127 3734 2294 3817 παρ’

295 3832 562 3922 Ἡσιόδῳ
670 3856 786 3898 om.
844 3842 952 3901 καὶ
994 3830 1172 3899 ΩἳῐΓ
1218 3870 1299 3881 --
1356 3832 1476 3916 τὴν
1533 3832 1761 3917 φωνὴν
1803 3833 1822 3917 ΙΙ
1865 3844 1943 3917 τῆ
1989 3846 2177 3919 φωνῇ
2221 3833 2290 3898 Ω

306 3970 385 3983 -
431 3941 575 4021 ἴσην
619 3936 639 4021 ΙΙ
686 3940 787 4021 ἴση
833 3934 902 3999 Ω
947 3974 1027 3983 -
1074 3935 1271 4015 εὐθὺς
1314 3933 1334 4020 ΙΙ
1376 3934 1541 4003 εὐθὺ
1586 3937 1656 4017 21,
1713 3962 1744 4015 ς
1787 3939 1849 3999 in
1895 3958 2016 4001 rae.
2061 3936 2111 3999 Γ

159 4047 198 4095 0.
226 4042 279 4100 4.
308 4038 557 4124 ἐτήσιον
600 4039 620 4124 ΙΙ
666 4038 953 4123 αἰτήσιον
1007 4037 1057 4099 Γ
1116 4076 1199 4087 --
1259 4048 1729 4124 παραταθεῖσαι
1782 4039 1800 4124 Η
1841 4050 2295 4125 παρατεθεῖσαι

246 4150 405 4201 Lueian
430 4157 490 4202 11.
519 4157 559 4200 2.
1927 4144 1986 4194 13
