2750 4534
439 262 564 325 178

437 659 489 701 c.
519 646 617 703 39.

437 864 489 907 e.
517 850 618 907 42.

436 1071 491 1111 o..
517 1058 617 1112 44.

434 1484 485 1524 c.
513 1470 613 1525 45.

427 1995 482 2035 c.
511 1978 610 2035 48.

429 2096 481 2137 c.
509 2082 608 2138 50.

429 2198 481 2239 c.
511 2185 610 2254 51.

425 2404 476 2443 c.
505 2388 607 2445 55.

425 2607 476 2648 c.
507 2593 605 2653 60.

419 3527 470 3566 e.
500 3512 600 3569 63.

1183 265 1563 320 ΑΒΝΟΤΔΊῚΟ
1600 266 1869 320 cm'rmA.

649 432 1123 516 ὀμνύοντος
1149 435 1170 520 fl
1197 437 1599 517 ὀμνύντος
1628 437 1700 521 Α,
1731 437 1798 506 Β.
1834 441 1974 501 Ddf.
2004 477 2089 487 —-
2118 438 2527 519 ὀμνύομεν
2570 443 2593 523 Β

651 536 1030 615 ὄμνυμεν

652 638 1173 719 ἐπειςπεσόντες
1227 641 1246 723 ΙΙ
1301 645 1503 709 ἐπιπ.
1560 644 1694 709 ΓΒ.
1744 678 1829 691 -
1871 642 2313 726 ὑβρίζοντες
2358 644 2377 727 ΙΙ
2419 643 2589 728 ὑβρι-

649 750 792 825 ζον
835 745 1096 823 Madvig.

665 851 720 909 εἰ
761 852 868 911 καὶ
913 898 927 911 .
963 899 975 911 .
1011 896 1025 911 .
1077 850 1226 911 δέκα
1270 852 1413 929 δοίη
1454 872 1553 925 τις
1580 900 1594 913 .
1630 899 1645 913 .
1680 900 1693 913 .
1735 846 2119 926 ἀνωμότους
2145 846 2167 931 Ι
2193 848 2603 936 ἀνωμότῳ.

647 950 787 1010 Ddf.
834 950 997 1010 det.

651 1048 753 1127 (ὃς
798 1049 990 1133 τιςῆ
1037 1053 1266 1131 γένους
1297 1049 1334 1137 ἢ
1366 1049 1661 1119 πλούτου
1705 1050 1744 1134 ἢ
1786 1049 2117 1130 δυνάμεως
2163 1054 2319 1134 ἔχει
2363 1054 2383 1137 fl
2428 1057 2595 1136 ἔχοι

649 1152 718 1236 B,
764 1156 872 1217 sed
914 1174 1034 1217 non
1075 1162 1238 1217 recte
1292 1156 1449 1216 idem
1492 1152 1698 1232 ὅςτις
1741 1175 1850 1234 pro
1894 1152 1985 1235 ὥς
2026 1175 2153 1235 τις;
2204 1161 2265 1218 in
2318 1178 2439 1235 quo
2485 1179 2595 1221 usu

644 1260 813 1320 verbi
857 1260 1017 1337 ἒχειν
1070 1277 1201 1318 cum
1244 1260 1508 1335 genitivo
1550 1276 1747 1336 neque
1792 1260 2029 1321 codices
2086 1279 2282 1337 neque
2332 1263 2597 1323 editores

646 1365 788 1423 satis
835 1363 980 1423 certi
1023 1366 1178 1422 sunt.
1253 1361 1345 1421 Cf.
1394 1361 1471 1421 ad
1512 1362 1697 1438 Imag.
1730 1380 1784 1423 c.
1826 1368 1921 1423 11.

642 1461 824 1530 Πόσα
869 1461 937 1527 δέ
964 1459 1336 1546 βοσκήματα
1377 1460 1417 1545 ἢ
1458 1459 1669 1540 πόσας
1710 1460 1957 1543 ἁμάξας
2000 1466 2155 1544 ἔχεις
2197 1517 2212 1531 .
2249 1518 2263 1531 .
2299 1518 2341 1546 .,
2386 1475 2599 1531 tait-a

643 1564 763 1648 γὰρ
811 1563 989 1642 ὑμεῖς
1034 1573 1389 1630 πλουτεῖτε.
1468 1572 1607 1629 Αλλ
1626 1562 1641 1586 '
1686 1563 1805 1646 οὐχ
1848 1562 2115 1646 ἁμάξας,
2160 1567 2280 1649 ἔφη
2309 1565 2329 1650 ΙΙ
2368 1569 2597 1629 Trans-

643 1669 922 1747 ponenda
951 1669 1222 1730 videntur
1250 1668 1403 1729 haec
1430 1668 1618 1729 verba
1646 1671 1765 1729 sic:
1808 1666 1991 1733 Πόσα
2019 1719 2033 1734 .
2068 1722 2082 1735 .
2118 1720 2133 1733 .
2168 1670 2339 1749 ἔχεις.
2398 1679 2454 1734 Α
2475 1671 2603 1735 22*

642 1771 786 1850 οὐχ
816 1767 1064 1849 ἁμάξας
1095 1771 1214 1852 ἔφη
1242 1822 1256 1835 .
1292 1821 1305 1835 .
1340 1820 1355 1835 .
1392 1768 1656 1849 ἀγέλας·
1699 1777 1949 1835 ταῦτα
1993 1768 2137 1853 γὰρ
2168 1770 2345 1849 ὑμεῖς
2387 1781 2595 1838 πλου-

643 1887 820 1936 τεῖτε.
865 1908 950 1919 --

641 1972 1009 2054 ἀθροίζεται
1029 1968 1174 2047 οὖν
1195 1971 1216 2055 fl
1237 1972 1339 2039 ἀθ.
1369 1998 1458 2053 γο
1476 1981 1570 2039 ὗν
1592 1971 1658 2039 Β.
1688 2008 1768 2020 -
1793 1982 2134 2039 τοιοῦτον
2156 1974 2177 2057 fl
2196 1984 2491 2042 τοιοῦτο
2516 1973 2575 2037 Β

641 2078 764 2155 ἐγώ
808 2080 874 2141 δὲ
916 2072 1244 2157 μηνίσω
1293 2098 1421 2142 σοι
1464 2074 1485 2159 ΙΙ
1524 2075 1801 2158 μηνύω
1846 2078 1925 2143 Β.

630 2177 710 2243 ‘H
747 2175 937 2256 πόλις
980 2182 1019 2242 δ
1030 2182 1056 2242 ὲ
1087 2176 1108 2260 ΙΙ
1137 2198 1249 2240 om.
1283 2183 1320 2242 δ
1329 2182 1358 2242 ὲ
1388 2180 1471 2239 Β.
1518 2212 1601 2225 -
1638 2178 1811 2262 παρὰ
1838 2187 1975 2244 τῶν
2010 2187 2149 2261 τῆς
2178 2170 2585 2262 ΜαστείραςΨ

636 2301 750 2342 om.
795 2287 907 2363 τῆς
951 2281 1034 2342 Β.
1079 2314 1164 2325 -
1209 2277 1312 2357 ὡς
1355 2279 1682 2357 Εὐβίοτον
1724 2282 1743 2361 ΙΙ
1788 2286 1898 2358 εἰς
1944 2278 2015 2361 Α,
2060 2282 2137 2346 Β.

641 2385 990 2463 ἐτέτρωντο
1050 2380 1166 2465 ἤδη
1223 2379 1843 2463 προκινδυνεύοντες
1900 2381 1939 2447 ὃ
1998 2387 2115 2459 μὲν
2174 2390 2595 2469 στυρακίῳ

634 2490 744 2561 εἰς
787 2481 907 2549 τὸν
950 2482 1161 2566 μηρὸν
1204 2480 1224 2565 ΙΙ
1266 2492 1848 2565 πυρακτωθεὶς
1892 2482 1963 2563 Α,
2012 2482 2165 2550 ΩΒ.

633 2589 1018 2668 μεμνημένοι
1061 2594 1182 2667 τῆς
1224 2583 1478 2668 μα’χης
1510 2584 1535 2668 ΙΙ
1564 2584 1707 2668 τὴν
1750 2582 2005 2669 μάχην
2043 2587 2147 2665 Β.,
2194 2604 2349 2663 quae
2392 2592 2595 2647 struc-

634 2697 786 2768 tura,
835 2708 1188 2766 quamquam
1234 2692 1426 2751 rarior
1462 2695 1570 2769 est,
1619 2692 1796 2771 etiam
1826 2691 1986 2767 apud
2013 2690 2399 2767 Herodotum,
2445 2691 2591 2749 Pla-

633 2796 850 2870 tonem,
897 2792 1348 2867 Xenophontem
1393 2794 1705 2852 invenitur.
1753 2826 1834 2837 -
1879 2790 1999 2870 ἐγὼ
2047 2795 2111 2855 δὲ
2156 2788 2594 2871 προετεθνή-

632 2916 766 2955 κειν
798 2891 821 2973 ΙΙ
854 2916 948 2973 πρ
968 2890 1435 2973 οςετεθνήκειν
1466 2894 1545 2959 Β.
1602 2894 1931 2969 Utrumque
1972 2892 2116 2955 ferri
2159 2897 2386 2971 potest3
2433 2894 2588 2952 illud

631 2997 844 3055 nostris
908 2997 1232 3056 animorum
1292 2998 1598 3057 sententiis
1660 2996 2129 3057 accomodatius:
2192 2997 2351 3056 mori
2390 3012 2593 3071 prae-

631 3107 808 3175 metu,
855 3106 1268 3173 antequam
1320 3102 1621 3161 moriatur
1663 3102 1893 3161 amicus
1934 3132 2019 3144 -
2064 3103 2154 3160 est
2199 3100 2353 3159 enim
2396 3116 2583 3172 „ner-

637 3204 974 3273 vosomm“,
1022 3219 1170 3276 quos
1210 3202 1388 3263 hodie
1433 3204 1587 3263 male
1632 3202 1974 3279 appellant3
2019 3202 2263 3263 alterum
2311 3206 2582 3262 veterum

633 3303 890 3364 moribus
951 3308 1409 3365 consentaneum
1454 3309 1577 3382 est,
1629 3307 1785 3366 mori
1824 3321 1983 3365 cum
2024 3307 2315 3367 moriente
2357 3307 2583 3375 amica,

630 3407 728 3467 vel
774 3410 1086 3483 postquam
1129 3410 1390 3467 mortuus
1437 3410 1529 3467 est
1562 3408 1787 3467 amicus
1798 3431 1821 3484 ,·
1877 3406 2055 3483 idque
2100 3404 2580 3483 praeferendum.

631 3510 888 3585 Reliqua
944 3508 1081 3570 inde
1142 3508 1216 3569 ab
1263 3504 1447 3573 Ἀλλὰ
1503 3503 1658 3590 μήτε
1715 3511 1980 3584 αἵματος
2031 3508 2335 3585 superflua
2383 3513 2445 3568 et
2486 3510 2577 3568 in·

630 3613 794 3672 sulsa
824 3616 977 3673 sunt.
1045 3612 1298 3672 Toxaris
1329 3612 1595 3672 oratione
1624 3628 1734 3671 sua
1762 3610 2037 3671 finiverat
2066 3615 2385 3672 certamen.
2453 3610 2576 3671 Sed

631 3732 764 3774 cum
810 3715 1146 3775 ommissum
1190 3718 1350 3775 esset
1408 3717 1583 3775 antea
1627 3715 1981 3775 constituere
2038 3714 2371 3776 certaminis
2416 3715 2573 3774 arbi-

628 3823 779 3877 trum
795 3862 811 3896 ‚
874 3820 1166 3895 integrum
1235 3819 1504 3878 relictum
1564 3821 1691 3877 erat
1754 3818 1872 3877 utri
1942 3818 2147 3896 ling-ua
2201 3818 2301 3879 vel
2357 3834 2573 3877 manus

631 3924 790 3981 esset
832 3919 1211 3997 amputanda.
1300 3919 1444 3980 Vult
1484 3921 1665 3997 igitur
1706 3921 2053 3997 Mnesippus
2101 3922 2289 3981 electo
2347 3920 2573 3981 arbitro

629 4022 821 4083 denno
852 4024 1073 4083 institui
1103 4023 1548 4098 disputationes.
1606 4020 1726 4083 Sed
1754 4040 1822 4083 se
1851 4024 1982 4099 ipse
2014 4023 2317 4099 corrigens
2342 4023 2569 4094 (τοῦτο
