2750 4534
838 259 1141 313 IUPPITER
1178 260 1632 315 CONFUTATUS.
2197 263 2316 319 227

158 453 214 495 c.
254 438 353 494 12.
387 431 456 497 δ’
513 430 631 515 ἤδη
686 430 705 515 ss
749 452 864 494 om.
923 431 989 497 δ’
1035 430 1307 495 ΩΓΜυῒ.
1353 467 1438 477 -
1495 438 1963 516 κεκυρωμένων
2018 430 2038 518 ΙΙ
2081 444 2319 499 κεκλω-

145 1579 198 1621 0.

134 2090 188 2131 G.

136 2808 193 2848 0.

131 3723 183 3765 0.

242 1565 338 1624 13.

234 2075 333 2130 14.

234 2790 333 2846 15.

226 3710 325 3765 16.

377 538 629 611 σμένων
690 540 811 597 445
878 570 961 580 -
1016 533 1337 621 τιμῴμεθ’
1465 533 1792 621 τιμώμεθα
1852 532 1921 597 Ω
1977 544 2317 614 τιμοίμεθα

372 639 430 697 Α
472 636 802 714 τιμοίμεθ’
858 636 911 700 ῗί
953 672 1038 682 -
1094 634 1354 714 πάντως
1461 639 1792 715 παντελῶς
1847 634 1916 699 Ω
1971 645 2091 701 445
2137 633 2189 697 Γ
2232 672 2317 683 —-

374 736 557 816 ε’κτὸς
600 736 619 821 ss
649 759 764 801 om.
810 735 878 800 Ω
912 746 1033 801 445
1080 736 1130 799 Γ
1166 776 1240 786 —
1272 748 1472 806 τοῦτο
1517 738 1536 823 ss
1577 738 1752 822 παρὰ
1795 767 1846 806 τ.
1897 736 1964 801 Ω
1997 747 2118 803 445
2151 736 2202 799 Γ
2235 774 2316 785 -

373 840 412 905 ὁ
458 839 875 926 προμαθών,
916 862 1029 903 om.
1076 840 1113 906 ὃ
1157 839 1225 903 Ω
1259 851 1377 903 445
1426 836 1627 905 ΓΜυῒ.
1657 877 1741 887 --
1772 841 1872 908 ὅτι
1914 840 2052 928 ΙΙὼς
2096 838 2314 904 ΩΜυῒ.

369 976 455 987 --
500 940 631 1007 ὑπὸ
674 940 693 1025 ss
735 940 860 1007 ὑπ’
904 939 973 1003 Ω
1006 950 1124 1004 445
1173 939 1374 1006 ΓΜυῒ.
1424 979 1501 987 -
1538 941 1908 1026 τεθνήξεται
1950 942 1971 1029 fl
2011 940 2315 1027 τεθνήξη-

369 1070 475 1109 ται
520 1045 573 1108 91
617 1082 699 1089 -
745 1042 1223 1124 ἐγκλεισάμενος
1266 1044 1285 1129 ss
1328 1051 1669 1128 καθείρξας
1714 1043 1782 1107 Ω
1830 1053 1950 1107 445
2000 1042 2200 1108 ΓΜυῒ.
2230 1081 2316 1093 -—

370 1144 577 1226 ἐξάξει
630 1148 650 1231 ss
704 1145 907 1227 ἐξάγει
964 1143 1085 1209 ΩΓ
1090 1148 1141 1212 21
1155 1150 1300 1209 Μυῒ.
1348 1183 1432 1193 -—
1487 1145 2006 1230 κυνηγετήσοντα
2063 1146 2081 1231 ss
2122 1172 2316 1229 κυνη-

366 1253 639 1329 γέτοντα
682 1252 831 1312 Μυῒ.
876 1286 959 1297 —-
988 1258 1109 1316 τοῦ
1152 1257 1439 1332 Κροίσου
1482 1247 1501 1333 ΙΙ
1544 1270 1660 1312 om.
1705 1258 1829 1315 τοῦ
1874 1257 1993 1313 445
2055 1245 2314 1314 ῗίΓΜυῒ.

366 1388 449 1399 -
496 1352 620 1417 ἀπ’
666 1358 927 1434 ἰσχυρᾶς
972 1354 1235 1435 ἐντολῆς
1278 1352 1297 1437 ss
1328 1350 1459 1417 α’πὸ
1505 1358 1774 1435 ἰσχυροῦ
1819 1349 2314 1434 προστάγματος

369 1452 438 1515 Ω
484 1463 604 1518 445
663 1451 855 1516 ΓΜυῒ.

374 1555 496 1640 γὰρ
540 1554 709 1642 τοῦΙΙ
754 1578 867 1619 om.
899 1552 986 1636 Ω,
1034 1576 1148 1618 om.
1194 1565 1316 1621 τοῦ
1359 1554 1410 1616 Γ
1441 1592 1524 1601 --
1567 1560 1774 1621 Λαΐου
1804 1553 1825 1640 ΙΙ
1852 1563 2100 1622 Λαϊνου
2143 1559 2198 1617 Α
2230 1590 2312 1603 -

362 1664 612 1725 τέκνων
642 1658 660 1742 ΙΙ
689 1664 921 1724 τέκνον
966 1655 1035 1719 Ω
1064 1694 1147 1703 -
1178 1658 1366 1723 παῖδ’
1471 1664 1665 1723 παῖδα
1711 1654 1836 1719 ΑΩ
1882 1667 2002 1723 445
2048 1664 2195 1723 Μυῒ.
2227 1695 2310 1704 -

365 1781 403 1826 σ
420 1762 435 1783 ’
479 1760 516 1827 ὃ
562 1760 688 1840 φύς
718 1761 737 1845 ss
767 1767 833 1825 σὲ
880 1760 917 1826 ὃ
961 1759 1087 1840 φύς
1116 1756 1446 1823 ΑΩΓΜυῒ.
1481 1798 1564 1807 -—
1594 1758 1805 1838 οὕτως
1835 1759 1854 1843 ss
1883 1758 2059 1827 οὕτω
2091 1760 2196 1826 ἳῖΓ
2225 1798 2310 1809 —-

362 1866 607 1946 ἔσπειρε
650 1862 667 1947 ss
714 1866 998 1946 ἔσπειρεν
1029 1858 1078 1922 Γ
1111 1899 1188 1907 -
1222 1862 1590 1928 ἀπέκτεινεν
1633 1860 1653 1947 ss
1681 1862 1786 1929 α’π.
1839 1861 2040 1929 αὐτὸν
2086 1861 2154 1926 Ω
2187 1872 2308 1928 445

364 1962 417 2026 Γ
418 1969 569 2030 Μυῒ.

368 2066 457 2145 ὡς
501 2075 609 2132 καὶ
642 2068 967 2146 α’μφίόοξα
1008 2065 1026 2152 ΙΙ
1069 2064 1257 2147 λοξὰ,
1306 2087 1420 2128 om.
1469 2065 1558 2144 ὡς
1588 2074 1695 2131 καὶ
1727 2068 1797 2147 21,
1847 2065 2008 2146 λοξὰ
2054 2087 2169 2131 om.
2201 2086 2310 2143 καὶ

360 2167 428 2232 Ω
477 2177 598 2232 445
650 2166 699 2231 Γ
744 2208 829 2219 —-
874 2176 930 2233 εί
972 2168 1007 2234 ὃ
1051 2167 1069 2253 ΙΙ
1114 2175 1171 2233 εἰ
1224 2166 1347 2235 οὖν
1399 2173 1547 2234 Μυῒ.
1593 2204 1675 2215 —
1721 2167 1758 2233 ὃ
1803 2169 1922 2234 τὸν
1956 2167 2086 2236 Ἅλ.
2129 2169 2148 2254 ss
2191 2191 2307 2234 om.

362 2272 399 2338 ὃ
432 2269 538 2337 1¹21
564 2310 642 2321 -—
680 2270 1021 2338 καταλύσει
1066 2270 1085 2355 ss
1126 2272 1528 2336 καταλυσαιῖ
1571 2272 1623 2334 21
1653 2307 1736 2316 —-
1766 2266 1846 2353 ἦν
1890 2297 1985 2348 τις
2027 2269 2045 2355 ss
2087 2268 2167 2355 ἦν
2210 2281 2307 2351 τίς

362 2378 509 2437 Μυῒ.
536 2411 617 2421 -
644 2378 859 2458 ἐπείρα
888 2371 907 2459 ΙΙ
936 2376 1228 2456 ἐπειρᾶτο
1259 2370 1328 2433 Ω
1359 2380 1480 2434 445
1515 2370 1564 2432 Γ
1595 2410 1680 2419 -
1722 2371 1924 2437 αὐτὸν
1953 2370 1972 2456 ΙΙ
2003 2373 2209 2439 αὐτοῦ
2238 2371 2307 2435 Ω

360 2485 480 2539 445
529 2474 579 2537 Γ
611 2513 692 2524 -
716 2474 1011 2558 χελώνην
1052 2474 1071 2559 ss
1108 2473 1396 2557 χελώνης
1442 2482 1560 2537 445
1610 2471 1659 2534 Γ
1689 2512 1774 2522 -
1803 2474 2019 2551 ἄλλως
2061 2473 2080 2559 ΙΙ
2124 2475 2304 2542 ἄλλω

358 2582 416 2640 Α
461 2615 541 2625 -
595 2577 680 2661 μὴ
725 2578 745 2663 ΙΙ
800 2599 914 2641 om.
960 2582 1014 2639 A
1058 2610 1137 2621 —
1196 2578 1386 2659 ἔργον
1431 2575 1450 2660 ΙΙ
1488 2580 1682 2659 μέρος
1738 2572 1807 2637 Ω
1856 2584 2008 2656 445,
2069 2597 2184 2639 om.
2231 2579 2302 2660 21,

358 2685 501 2745 dub.
546 2685 695 2744 Mut.

366 2780 783 2865 ἐσφερόμενοι
826 2780 845 2866 ss
887 2780 1319 2863 είςφερόμενοι
1378 2777 1449 2841 Ω
1492 2788 1612 2842 445
1661 2783 1810 2843 Μυῒ.
1854 2817 1937 2827 -
1983 2783 2044 2858 ἐς
2089 2808 2140 2847 τ.
2192 2808 2252 2847 π.
2286 2780 2307 2867 ss

358 2892 444 2963 εἰς
488 2912 539 2951 τ.
576 2911 637 2951 π.
691 2881 760 2945 Ω
791 2892 909 2947 445
963 2880 1008 2944 Γ
1010 2888 1165 2946 Μυῒ.
1198 2918 1282 2930 —-
1312 2892 1446 2948 τῶν
1476 2892 1733 2949 θυσιῶν
1763 2881 1783 2967 ss
1813 2904 1927 2945 om.
1975 2892 2109 2949 τῶν
2141 2884 2192 2948 21
2221 2918 2306 2929 --

358 2995 467 3052 καὶ
514 3006 692 3054 σκεπ.
728 2986 747 3070 ss
774 2986 811 3070 ἢ
855 2984 924 3047 Ω
956 2994 1076 3048 445
1112 2982 1310 3049 ΓΜυῒ.
1343 3022 1429 3031 -
1459 2990 1976 3068 ὃιηγκυλωμὲνος
2003 2984 2024 3071 ss
2054 2992 2304 3069 διηγκυ-

354 3094 627 3173 λημένος
660 3086 985 3154 ΩΓῖῑΜυῒ.
1014 3126 1097 3137 —-
1121 3088 1288 3169 ἅνεχ.
1322 3084 1428 3172 σεΙΙ
1451 3086 1612 3169 α’νεχ.
1644 3106 1764 3154 σου
1799 3089 1850 3152 ἳῑ
1872 3124 1956 3133 -
1986 3087 2304 3167 διεξιόντα

352 3194 373 3277 ss
401 3190 753 3271 διεξιόντος
785 3193 835 3257 ἳῑ
857 3227 939 3237 -
961 3188 1170 3256 Βάλλε
1202 3190 1221 3275 ss
1248 3188 1406 3269 βάλε
1437 3187 1506 3251 Ω
1537 3197 1656 3252 445
1689 3193 1839 3253 Μυῒ.
1871 3227 1956 3237 -
1984 3198 2092 3255 καὶ
2122 3216 2248 3273 κερ.
2285 3190 2306 3275 ΙΙ

354 3315 469 3357 om.
515 3302 622 3360 καὶ
666 3299 816 3357 Μυῒ.
860 3329 947 3338 —
990 3293 1138 3359 οὐδὲ
1183 3291 1202 3377 ΙΙ
1246 3292 1327 3357 οὐ
1374 3293 1426 3356 21
1469 3327 1552 3338 --
1583 3300 1780 3375 φαίην
1887 3308 2075 3372 φαῖεν
2121 3294 2174 3357 ἓῐ
2220 3329 2304 3339 ·-

351 3422 463 3473 μοι
521 3400 731 3463 αἴτιον
790 3421 915 3477 γεν.
966 3394 985 3478 ΙΙ
1024 3420 1149 3476 γεν.
1217 3396 1426 3460 αἴτιον
1481 3419 1592 3473 μοι
1637 3391 1706 3455 Ω
1752 3402 1874 3457 445
1921 3391 1972 3454 Γ
2016 3420 2140 3474 γεν.
2189 3421 2301 3473 μοι

352 3501 561 3564 αἴτιον
606 3497 717 3563 Γῖῑ
757 3535 842 3544 -
898 3495 1200 3580 ἐρήσομαι
1264 3496 1284 3581 ss
1334 3499 1654 3579 ἐρείσομαι
1701 3503 1822 3559 445
1870 3531 1952 3541 --
2012 3503 2118 3560 καὶ
2172 3502 2240 3560 σὲ
2277 3497 2296 3581 ss

350 3620 466 3662 om.
511 3596 634 3661 ΩΓ
666 3634 750 3645 -
780 3605 887 3664 καὶ
929 3596 1092 3681 ὑπὲρ
1139 3597 1429 3680 ἐκείνηςΙΙ
1473 3617 1586 3659 om.
1621 3605 1764 3678 445,
1812 3605 1919 3662 καὶ
1965 3618 2079 3659 om.
2111 3600 2180 3663 A.

357 3710 708 3785 κερανοῦτε
736 3700 753 3781 ΙΙ
782 3725 1130 3784 κερανοητε
1160 3701 1213 3765 21
1238 3735 1318 3746 —
1346 3697 1527 3764 ἱστὸν
1555 3699 1574 3783 ss
1606 3704 1813 3765 ἱστίον
1837 3700 2038 3763 mant.
2063 3736 2146 3746 -
2169 3698 2298 3765 α’ὄι-

349 3801 588 3885 κούσης
617 3802 928 3887 Πάὸικοῦν
960 3798 1029 3863 Ω
1056 3811 1175 3865 445
1212 3798 1261 3861 Γ
1263 3805 1413 3863 Μυῒ.
1441 3835 1526 3846 -
1548 3809 1612 3866 τί
1641 3810 1887 3884 σιωπᾷς
1915 3800 1934 3884 ss
1963 3798 2062 3866 ὅτι
2095 3819 2146 3867 σ.
2175 3796 2297 3861 ΩΓ

349 3941 433 3951 -—
465 3914 665 3972 τοῦτο
708 3903 727 3989 ss
769 3902 968 3971 τοῦτό
1000 3930 1077 3982 με
1106 3900 1175 3964 Ω
1213 3912 1331 3965 445
1383 3898 1584 3965 ΓΜυῒ.
1616 3939 1695 3949 -
1730 3908 1958 3969 εἰδέναι
2001 3928 2077 3982 με
2118 3902 2138 3986 ss
2179 3923 2298 3967 om.

344 4034 423 4088 με
478 4004 547 4069 Ω
595 4014 717 4070 445
763 4003 815 4067 Γ
877 4042 957 4053 -
1017 4006 1099 4071 οὗ
1155 4004 1275 4089 γὰρ
1329 4059 1343 4072 .
1391 4052 1408 4073 .
1457 4060 1470 4071 .
1535 4002 2050 4090 συμπεφορηκώς
2103 4002 2124 4090 ss
2179 4026 2296 4070 om.

1771 4107 1880 4159 15*
