2750 4534
450 260 574 316 240

438 2985 489 3029 G.

530 2972 623 3030 33.

1403 258 1658 313 Lucum

664 467 737 475 -
774 437 1091 509 διασείσας
1135 438 1189 494 εἰ
1216 436 1394 496 δοκεῖ
1425 429 1446 514 ss
1481 437 1537 495 εἰ
1564 438 1613 497 δ.
1651 438 1808 497 διασ.
1844 428 2018 493 ΩΞΙΓ
2054 438 2131 493 76
2165 469 2248 479 -—
2280 427 2336 495 ὦ
2368 429 2390 513 ΙΙ
2427 430 2505 495 ἰω’
2533 428 2596 492 Ω

662 540 738 598 ἰῶ
784 532 833 593 Γ
867 532 943 597 ἰὼ
981 531 1033 597 ὦ
1081 536 1130 597 Ξῖ
1163 532 1608 616 -ζΗράκλεις
1701 532 2020 617 ἽΙρακλες
2069 541 2145 595 76
2177 570 2261 579 —-
2290 533 2598 617 ἄγροικον

662 634 680 720 ΙΙ
723 633 811 713 ὡς
843 635 1153 717 ἄγροικον
1184 639 1329 696 Mut.
1368 670 1450 681 —
1481 636 1674 701 τοῦτ’
1705 633 1724 719 ss
1763 645 1963 701 τοῦτο
1995 631 2261 698 QFMut.
2299 671 2373 679 —
2413 643 2600 715 ξυνα-

660 739 923 799 πολέσαι
967 731 986 816 ΙΙ
1030 738 1462 799 συναπολέσαι
1508 738 1654 796 Mut.
1702 733 2011 799 ἀπολέσαι
2057 731 2126 795 Ω
2168 771 2251 781 -—
2294 736 2387 798 ἑνὶ
2436 733 2459 817 ΙΙ
2503 738 2597 798 ἐπὶ

660 838 786 916 Ml,
831 839 893 897 in
925 856 1039 897 ras,
1074 843 1151 897 76
1189 872 1262 881 -
1296 842 1401 899 καὶ
1433 861 1536 917 πρ.
1585 834 1604 918 ΙΙ
1648 856 1762 897 om.
1794 843 1900 901 καὶ
1933 834 2130 897 I'Mut.
2163 871 2245 881 —
2273 839 2347 897 In
2395 838 2600 899 codice

659 941 808 999 Mut.
854 941 1043 998 multa
1074 940 1434 1001 oblitterata.
1474 974 1556 983 —
1601 947 1738 1015 πῶς
1784 936 1864 1002 ἂν
1907 934 1925 1021 ΙΙ
1969 948 2108 1015 πῶς
2153 936 2235 1003 ἂν
2280 934 2403 1004 οὖν
2437 940 2487 1001 ΞΙ
2521 974 2600 982 -

659 1037 1124 1118 ξυμπεσόντων
1172 1038 1193 1121 ΙΙ
1238 1053 1300 1102 σ.
1345 1035 1413 1100 Ω
1460 1074 1543 1085 --
1590 1038 1870 1105 δυνατὸν
1914 1036 1994 1123 ἦν
2053 1042 2208 1118 ἴσως
2251 1033 2337 1102 ι’ἱν
2381 1068 2443 1105 τι
2487 1046 2602 1103 καὶ

659 1148 896 1224 πρᾶξαι
930 1140 953 1224 ΙΙ
987 1139 1268 1207 δυνατὸν
1300 1144 1455 1218 ἴσως
1499 1138 1580 1223 ἦν
1625 1148 1862 1224 πρᾶξαι
1897 1139 1946 1201 Γ
1991 1140 2272 1207 δυνατὸν
2319 1146 2475 1221 ἴσως
2518 1140 2601 1226 ἢν

656 1272 715 1309 τι
773 1251 1010 1327 πρᾶξαι
1058 1245 1109 1308 Ξῖ
1156 1251 1233 1305 76
1281 1279 1363 1288 ·-
1408 1253 1716 1309 τοιοῦτον
1761 1242 1782 1327 ss
1825 1253 2023 1309 τοῦτο
2069 1240 2191 1305 ΩΓ
2222 1280 2305 1291 —-
2347 1244 2426 1310 τὰ
2471 1272 2603 1311 τοι-

658 1358 821 1412 αῦτα
865 1346 1059 1424 μόναι
1101 1344 1118 1429 ss
1162 1344 1358 1423 μόναι
1403 1374 1453 1412 τ.
1501 1373 1556 1411 τ.
1603 1344 1722 1407 ΩΓ
1757 1382 1841 1392 -
1887 1346 2118 1430 ἄκυροι
2164 1347 2382 1412 αὐτῶν
2427 1344 2447 1430 ss
2491 1350 2602 1412 αι’-

657 1460 789 1515 τῶν
843 1449 1100 1531 ἄμοιροι
1146 1444 1266 1510 ΩΓ
1312 1486 1395 1495 -
1435 1446 1710 1526 μάλιστα
1755 1448 1777 1529 ss
1819 1447 1992 1527 μάλα
2048 1446 2169 1509 ΩΓ
2219 1456 2293 1511 76
2345 1485 2421 1495 —-
2465 1476 2602 1527 μου

654 1551 672 1635 ss
693 1578 768 1629 με
792 1553 843 1615 Ξῖ
870 1589 945 1599 -
971 1550 1169 1616 πάλαι
1201 1549 1223 1634 ss
1257 1571 1372 1613 om.
1407 1547 1456 1611 Γ
1480 1585 1562 1594 ·-
1587 1556 1966 1630 δεδογμένον
1999 1550 2022 1633 ss
2056 1556 2397 1629 δεδομένον
2427 1554 2482 1612 Α
2521 1588 2598 1598 -

657 1653 969 1740 κωμῳδὸς
1002 1652 1025 1737 ΙΙ
1056 1651 1339 1730 κωμικὸς
1384 1648 1654 1715 ssFMut.
1685 1689 1769 1698 -
1801 1651 2054 1735 σκάφην
2089 1653 2110 1734 ΙΙ
2145 1670 2382 1733 σκαφῖν
2429 1654 2480 1715 Ξῖ
2515 1692 2601 1700 -

656 1829 861 1903 λέγων
905 1822 923 1908 ss
966 1828 1130 1904 λέγω
1168 1824 1277 1887 ΑΞῖ
1307 1790 1472 1903 λέγω
1517 1844 1595 1884 m.
1631 1827 1665 1883 2
1713 1822 1836 1903 ε’γω
1881 1843 1956 1884 m.
2001 1830 2049 1903 l,
2101 1830 2177 1885 76
2212 1822 2600 1905 -ἡμέτερα

654 1926 671 2009 ss
715 1925 986 2009 ’ἑμέτερα
1018 1922 1289 1989 ΩΞῖΜιιι.
1343 1932 1418 1987 76
1454 1960 1537 1970 ——
1566 1924 1779 2008 μακρὰ
1812 1924 1834 2008 ΙΙ
1865 1924 2120 2007 μακρὰν
2150 1922 2475 1988 AfflIMut.
2514 1963 2600 1971 —

654 2027 901 2110 φράσας
934 2027 955 2110 ss
990 2026 1175 2105 ἐάσας
1221 2032 1367 2089 Mut.
1403 2062 1482 2071 —
1527 2031 1595 2092 ἐν
1640 2026 1904 2113 οὐρανῷ
1949 2025 1970 2108 ΙΙ
2017 2030 2302 2093 ἐνταῦθα
2345 2025 2464 2088 ΩΓ
2513 2066 2601 2074 -—

654 2137 842 2212 κνίση
878 2128 899 2213 ss
931 2137 1159 2212 κνίσση
1202 2132 1256 2189 Α
1300 2137 1524 2211 κνίσσῃ
1571 2130 1622 2192 Ξῖ
1665 2136 1739 2191 76
1765 2166 1850 2177 —-
1881 2134 2128 2211 ἱερείων
2161 2126 2406 2213 ΙΙῖερείω
2429 2132 2484 2190 Α
2518 2168 2600 2177 -

654 2258 727 2309 με
771 2230 1019 2312 γυμνὸν
1063 2230 1081 2313 ΙΙ
1125 2258 1192 2312 γε
1221 2257 1277 2311 γ.
1327 2238 1427 2311 76,
1460 2270 1542 2279 -
1575 2235 1638 2309 ἐς
1679 2230 1796 2296 τὸν
1829 2230 1986 2315 ᾅδην
2031 2230 2243 2309 ἄπειμι
2286 2230 2305 2315 ss
2347 2231 2594 2310 κάτειμι

653 2340 736 2411 εἰς
781 2333 896 2400 τὸν
940 2332 1097 2418 ᾅδην
1143 2329 1263 2395 ΩΓ
1310 2336 1450 2411 (ἐς),
1505 2331 1748 2411 κάτειμι
1795 2340 1880 2411 εἰς
1924 2332 2043 2398 τὸν
2091 2340 2272 2415 αἶ’δην
2317 2337 2463 2395 Mut.
2512 2372 2600 2381 —-

653 2436 822 2503 ὅπου
856 2462 931 2514 με
964 2436 984 2520 ss
1020 2435 1120 2503 ὃπ.
1157 2462 1224 2517 γε
1252 2438 1362 2499 ΑΞῖ
1397 2443 1472 2498 76
1504 2472 1588 2481 -
1619 2435 1694 2501 τὸ
1724 2434 1923 2515 τόξον
1955 2439 2182 2517 ἔχοντα
2217 2435 2238 2520 ss
2272 2457 2386 2498 om.
2419 2436 2498 2501 τὸ
2545 2440 2598 2501 Ξῖ

652 2541 876 2620 ἔχοντα
922 2538 997 2604 τὸ
1049 2538 1245 2617 τόξον
1289 2534 1411 2599 ΩΓ
1457 2574 1539 2584 -
1583 2536 1708 2603 κᾶν
1759 2541 1778 2617 ΙΙ
1823 2546 1930 2604 καὶ
1975 2535 2026 2599 Γ
2069 2542 2176 2601 sed
2219 2542 2281 2600 in
2342 2560 2462 2601 ras.
2515 2574 2597 2583 --

652 2640 1003 2723 φοβήσεται
1048 2640 1071 2724 ΙΙ
1125 2639 1483 2723 φοβήσηται
1529 2642 1579 2703 Ξῖ
1637 2639 2070 2723 φοβηθήσεται
2117 2644 2167 2701 A
2211 2678 2293 2687 —
2337 2648 2534 2723 φησὶν
2577 2638 2596 2724 ss

653 2751 849 2823 ([,ασὶν
894 2741 1014 2805 ΩΓ
1059 2780 1141 2789 -
1186 2743 1258 2824 γ’
1304 2743 1385 2809 ἂν
1430 2739 1551 2807 οὖν
1597 2742 1618 2826 ss
1662 2753 1824 2823 γοῦν
1870 2748 2016 2806 Mut.
2063 2782 2145 2791 —
2191 2740 2312 2809 οὖν
2357 2743 2379 2826 ss
2414 2742 2596 2809 οὕτω

651 2843 772 2907 ΩΓ
816 2883 897 2891 -
937 2855 1140 2911 ταῦτα
1174 2844 1195 2928 ss
1228 2848 1426 2911 ταῦτ’
1473 2847 1538 2912 ΞΙ.

662 3001 741 3009 -
775 2962 968 3043 οὗτος
1002 2965 1023 3049 ss
1057 2962 1250 3044 οὗτός
1282 2970 1453 3031 ἐστιν
1486 2963 1606 3027 ΩΓ
1639 2973 1715 3028 76
1750 3001 1831 3012 —-
1855 2972 1961 3031 καὶ
1986 2965 2120 3032 εὒπ.
2156 2963 2175 3051 ΙΙ
2203 2966 2240 3032 ὃ
2273 2966 2408 3031 εὐπ.
2439 2970 2594 3029 Mut.

652 3104 734 3113 ·-
783 3068 1287 3151 εὐπερίγραπτος
1322 3066 1343 3151 ss
1378 3068 1850 3152 εὐπερίγραφος
1894 3064 2016 3129 ΩΓ
2063 3071 2145 3144 (in
2193 3066 2242 3128 Γ
2286 3089 2592 3148 suprascr.

650 3174 831 3247 πτος)
888 3207 970 3216 -
1016 3167 1069 3235 ὦ
1110 3170 1298 3253 Ἑρμῆ
1344 3172 1438 3236 ἀδ.
1489 3168 1508 3255 ss
1551 3172 1643 3238 ἀδ.
1697 3168 1750 3236 ὦ
1785 3170 1900 3253 Ἑρ.
1953 3175 2098 3233 Mut.
2133 3174 2209 3249 (?)
2242 3206 2325 3217 —
2355 3170 2532 3253 παρὰ
2577 3170 2600 3256 ss

652 3279 794 3354 περὶ
826 3276 880 3333 Α
913 3309 994 3318 -
1028 3272 1511 3355 ἀναπέπλησται
1553 3272 1573 3356 ss
1618 3272 2102 3338 ἀναπέπλασται
2149 3270 2198 3333 Γ
2229 3308 2310 3318 -
2357 3276 2596 3350 ἐκματ-

651 3373 923 3453 τόμενος
964 3372 983 3461 ΙΙ
1028 3374 1599 3454 ἀναπλαττόμενος
1642 3374 1858 3438 ΩΜιιῒ.
1911 3374 2497 3458 περιπλαττόμενος
2544 3374 2596 3436 Γ

656 3484 732 3538 76
778 3480 839 3539 in
898 3498 1014 3539 ras,
1060 3514 1141 3524 —
1185 3474 1222 3560 ἦ
1270 3475 1402 3543 πού
1462 3505 1522 3542 τι
1567 3476 1589 3561 ΙΙ
1634 3477 1671 3559 ἢ
1717 3485 1779 3543 τί
1819 3481 1875 3539 Α
1923 3484 1998 3539 76
2048 3514 2128 3523 -
2175 3477 2595 3558 ἀπαγγέλλεις

650 3576 670 3661 ss
713 3578 1084 3659 ἀπαγγέλεις
1127 3582 1181 3639 Α
1211 3615 1288 3624 -
1323 3586 1557 3662 μυρίας
1589 3580 1611 3661 ΙΙ
1640 3588 1895 3662 μυρίων
1941 3579 2139 3642 ΞῖΜιιῐ.
2173 3616 2252 3625 --·
2285 3578 2596 3657 δεόμενον

650 3676 668 3763 ss
697 3686 890 3761 γέμον
916 3683 968 3745 Ξῖ
995 3718 1067 3726 -
1096 3680 1225 3747 ὑπὸ
1258 3680 1281 3765 ss
1314 3688 1492 3747 ἵππω
1516 3686 1572 3744 Α
1599 3720 1677 3729 -
1701 3680 2126 3761 πιττούμενος
2155 3682 2174 3766 ss
2203 3700 2368 3749 πισσ.
2403 3691 2478 3745 76
2511 3720 2586 3729 -

654 3782 813 3849 ἄλλο
856 3781 875 3868 ss
923 3805 1035 3847 om.
1083 3786 1133 3848 Ξῖ
1180 3822 1261 3831 -
1306 3784 1785 3864 ἐκτυπούμενος
1825 3782 1845 3871 ss
1889 3784 2365 3864 ἐντυπούμενος
2409 3782 2478 3847 Ω
2514 3824 2595 3833 -

654 3886 770 3952 δύο
805 3886 826 3970 ΙΙ
861 3885 939 3951 δύ
982 3883 1049 3948 Ω
1081 3925 1166 3935 -
1206 3887 1558 3970 κεκράκτας
1591 3887 1612 3971 ΙΙ
1646 3896 1752 3953 καὶ
1797 3886 2077 3972 κράκτας
2111 3896 2187 3951 76
2239 3924 2311 3935 —·-
2348 3886 2597 3969 πυγμά-

646 4015 805 4069 χους
828 3988 847 4073 ss
867 3987 1130 4070 μάχους,
1158 4010 1311 4053 corr.
1338 4012 1412 4053 ex
1439 4009 1624 4069 συμμ.
1660 3999 1734 4053 76
1763 4028 1844 4037 -
1867 3999 1971 4056 καὶ
2002 4026 2076 4037 -
2099 3989 2118 4074 ss
2139 3998 2244 4056 καὶ
2275 4002 2595 4076 Τιμοκλῆν
