2750 4534
169 1377 225 1421 ο.
266 1362 369 1421 46.

172 1582 232 1623 c.
267 1568 371 1627 47.

173 2091 227 2136 c.
267 2078 370 2136 49.

172 2194 226 2238 c.
269 2178 370 2239 53.

1109 260 1395 316 Auosns.
2219 260 2341 319 167

393 440 587 500 solum
648 441 740 498 est
794 438 1106 512 quiescere
1125 480 1141 513 ,
1211 436 1463 497 dormire
1480 480 1496 513 ,
1562 434 1668 494 sed
1716 435 2031 509 tranquille
2091 435 2341 495 dormire

395 540 501 620 (ab
557 538 784 621 ἠρέμα)
822 557 989 603 ‚non
1057 555 1248 615 opus
1312 541 1429 597 est
1493 536 1779 597 addere
1844 536 2341 616 ἐπίφθονον,

399 644 750 718 praesertim
809 658 939 699 cum
992 643 1130 716 post
1184 639 1370 700 verba
1422 635 1642 719 ἡδίους
1700 632 1951 713 ῧπνους
2009 634 2347 702 καθεύδειν

400 758 644 821 prorsus
671 741 908 819 frigeat.
982 742 1202 804 Reitz.:
1250 740 1351 803 ἐπὶ
1390 735 1658 821 χρόνον.
1689 772 1774 782 -
1801 735 1949 802 κᾶν
1990 737 2343 821 τυραννικὴ

395 852 508 923 βία
554 847 748 921 δέσμα
792 839 1094 925 περιάψη,
1146 839 1266 906 τὸν
1311 843 1455 907 ἴσον
1501 843 1759 927 ἐμαυτῷ
1802 836 2131 923 περιθήσω
2177 846 2345 923 σίδη-

401 972 523 1029 ρον
551 943 580 1029 11
609 951 738 1010 καὶ
783 942 880 1010 ἂν
909 944 1070 1009 det.
1136 944 1228 1005 cf.
1275 944 1352 1004 ad
1396 962 1448 1005 c.
1486 949 1539 1006 1.
1582 978 1669 987 —
1712 948 1769 1007 εἰ
1806 995 1819 1008 .
1856 996 1869 1009 .
1901 995 1918 1008 ψ.
1966 948 2343 1026 θεασαίμην,

403 1047 744 1113 ὃπλισαί
753 1071 904 1129 μην
936 1042 960 1129 ΙΙ
991 1044 1384 1127 ὁπλισαίμην
1428 1043 1523 1111 ἂν
1566 1045 1729 1111 det.
1780 1046 1939 1123 quod
1982 1048 2043 1105 in
2087 1046 2341 1108 editione

401 1171 534 1212 mea
592 1152 868 1212 omissum
915 1168 1047 1212 esse
1092 1150 1281 1214 doleo.
1331 1182 1418 1193 —
1460 1146 1608 1213 κᾶν
1652 1144 1988 1229 ἀποθάνῃ,
2046 1154 2161 1229 ζῆν
2220 1146 2341 1213 οὐκ

400 1251 709 1332 ἀνέξομαι
743 1249 766 1335 11
797 1257 929 1315 καὶ
975 1250 1069 1316 ἂν
1113 1250 1272 1315 det.

409 1353 553 1421 ὃπλ.
605 1361 736 1419 καὶ
793 1352 1004 1436 παρὰ
1064 1350 1337 1431 δύναμιν
1365 1350 1395 1435 11
1426 1351 1813 1434 ὃπλισαίμην
1857 1349 1951 1417 ἂν
1996 1349 2195 1417 κατὰ
2240 1349 2345 1416 δυ’·

403 1482 596 1535 ναμιν
641 1458 713 1524 of.
749 1458 929 1536 Imag.
978 1476 1026 1521 c.
1065 1462 1118 1521 3.
1172 1454 1254 1521 ου’
1296 1453 1460 1520 κατὰ
1503 1450 1721 1534 λόγων
1764 1450 2057 1531 δύναμιν.

409 1562 512 1624 ἐπὶ
553 1558 712 1637 τοὺς
756 1557 1062 1640 ἐσχάτους
1101 1568 1213 1623 Σκ.
1263 1562 1579 1640 τέρμονας
1637 1558 2037 1621 ἔπλευσαν
2066 1552 2093 1638 11
2124 1560 2343 1620 συνέ-

399 1671 690 1727 πλευσαν
749 1663 1030 1727 Paetzolt.
1094 1696 1176 1707 —
1233 1664 1485 1725 πέπλου
1544 1684 1611 1723 τε
1668 1655 2165 1741 προύκάλυπτεν
2229 1656 2343 1721 εὖ·

400 1760 754 1847 πήκτους
819 1760 1028 1843 {apag
1087 1761 1112 1845 11
1163 1764 1426 1841 Egregie
1485 1762 1625 1827 Ood.
1687 1763 1876 1827 Harl.-
1909 1758 2345 1841 εὐπήκτοις

399 1864 599 1946 emat
609 1891 660 1943 ς.
714 1866 800 1932 cf.
835 1868 1038 1942 Eurip.
1071 1866 1261 1943 Iphig.
1289 1866 1469 1930 Taur.
1508 1868 1627 1927 312
1674 1865 1775 1925 ubi
1820 1860 2142 1945 εὐπήνους
2174 1860 2344 1941 ὓφὰς

401 1988 535 2029 cum
577 1968 952 2029 Kirchhoffio
996 1968 1136 2029 Ddf.

400 2067 678 2151 χλαμύδι
711 2066 734 2153 11
759 2074 1014 2150 χλανίδι
1061 2069 1203 2131 Oob.

405 2171 554 2239 κᾶν
575 2169 902 2254 θεάσηται,
938 2180 1135 2237 ποθεῖ
1149 2166 1528 2250 ἐφάψασθαι
1560 2166 1584 2251 11
1616 2194 1655 2233 κ
1670 2176 1747 2233 αὶ
1768 2161 1815 2235 ἄ
1826 2194 1865 2234 ν
1888 2169 2049 2234 det.
2079 2203 2162 2213 —-
2184 2177 2291 2232 τῶ
2306 2194 2344 2233 ν

399 2270 762 2357 ἐσθήτων
805 2270 830 2355 11
872 2299 924 2337 τ.
987 2268 1402 2353 αἰσθητῶν
1460 2264 1593 2331 ΩΓ
1615 2272 1779 2335 Harl.
1828 2305 1912 2315 --
1956 2267 2150 2335 αὐτὸ
2195 2268 2343 2335 ε’πά·

391 2380 584 2455 ταξεν
635 2374 662 2458 ΙΙ
715 2368 808 2458 ἄρ
827 2400 867 2439 α
886 2401 917 2452 ς
963 2376 1100 2441 Gob.
1151 2375 1405 2435 restituit
1463 2392 1539 2435 ex
1579 2372 1874 2450 Aristoph.
1924 2374 2119 2449 Equit.
2177 2377 2336 2434 1130

394 2486 636 2543 τοῦτον
661 2476 716 2542 ‹5’
740 2472 961 2558 ὅτανῇ
993 2480 1223 2556 πλέως,
1257 2473 1416 2557 ἄρας
1438 2472 1723 2553 ἐπάταξα
1746 2506 1829 2518 --
1849 2470 2077 2556 μήρων
2107 2498 2173 2538 τε
2202 2483 2339 2539 τῶν

387 2588 530 2644 σῶν
576 2578 950 2662 εὕσὲβησ’
1006 2577 1265 2656 ὁμιλίαν
1322 2584 1570 2641 κλαίων
1602 2573 1625 2657 ΙΙ
1660 2579 1749 2654 (†)
1791 2578 1925 2655 Ego
1973 2575 2338 2656 εὐσεβῶς,

393 2683 506 2743 sed
551 2684 787 2745 codices
834 2678 1091 2764 εὐσεβὴς
1137 2676 1250 2759 (Ω)
1295 2677 1514 2756 ὁμιλία
1546 2674 1637 2755 (Ω
1650 2680 1843 2755 Harl.)
1886 2685 2134 2742 καλλίω
2180 2674 2339 2757 (ΩΓ

394 2786 606 2863 Hal-L).

569 2972 701 3033 Hoc
773 2973 1058 3048 scriptum
1129 2971 1265 3032 olim
1339 2969 1790 3049 (Ausgewfihlte
1864 2969 2159 3031 Schriften
2234 2970 2339 3031 des

395 3075 625 3134 Lucian
654 3074 716 3133 13
742 3092 878 3151 pag.
911 3074 1044 3151 XX)
1077 3092 1114 3132 a
1155 3091 1248 3133 me
1292 3091 1410 3133 non
1445 3073 1728 3133 reiectum
1754 3074 1871 3132 iam
1900 3074 2162 3149 spurium
2208 3090 2339 3133 esse

398 3176 542 3236 mihi
585 3179 858 3253 persuasi
900 3194 1019 3236 non
1060 3182 1178 3235 tam
1223 3179 1467 3251 propter
1509 3193 1706 3235 rerum
1748 3176 2147 3253 incommoda,
2205 3194 2340 3235 nam

395 3284 536 3340 sunt
578 3279 684 3338 illa
725 3283 1054 3355 temporum
1097 3279 1330 3338 illorum
1374 3277 1523 3338 adeo
1568 3280 1840 3355 propria,
1894 3281 1959 3337 ut
2001 3277 2079 3336 ad
2122 3278 2340 3337 descri-

400 3382 627 3442 bendos
675 3400 875 3441 eorum
919 3398 1112 3441 mores
1159 3381 1370 3441 abesse
1414 3382 1517 3439 vix
1559 3382 1818 3458 possint,
1878 3398 2053 3455 quam
2097 3384 2342 3455 propter

392 3484 779 3561 peregrinum
812 3482 1196 3560 putidumque
1241 3481 1556 3542 verborum
1601 3480 1893 3541 delectum
1936 3483 2341 3556 sermonisque

394 3590 689 3646 tumorem
754 3604 825 3645 ac
882 3584 1098 3645 fastum
1155 3603 1192 3643 a
1245 3584 1494 3644 Luciani
1558 3583 1932 3659 simplicitate
1948 3627 1965 3662 ‚
2029 3586 2341 3643 venustate

394 3688 721 3748 festivitate
779 3689 1048 3750 alienum.
1100 3721 1185 3729 —
1237 3684 1484 3746 Codices
1528 3679 1597 3809 Ω
1618 3684 1668 3747 ἳῑ
1685 3680 1732 3743 Γ
1768 3685 1931 3749 Harl.
1992 3686 2340 3762 plerumque
2466 3686 2480 3715 ⁹

399 3792 558 3850 inter
601 3809 667 3850 se
713 3791 1100 3850 consentiunt.

1066 3993 1433 4002 ——-—
