2750 4534
807 214 1090 276 ΟΝΕΙΡΟΣ
1123 214 1167 266 Η
1202 212 1603 267 ΔΔΕΚΤΡΥΩΝ.
2153 211 2275 269 125

16 402 101 452 713
288 386 588 449 ΑΛΕΚ.
723 388 938 464 Παῦε,
1017 368 1069 447 ὦ
1141 383 1340 449 Μίδα
1411 384 1742 466 βέλτιστε,
1812 383 2276 507 χρυσολογῶν·

119 480 414 568 ἀτεχνῶς
471 484 598 571 γὰρ
659 484 728 551 ἐκ
783 490 904 573 τῆς
959 484 1210 552 ἐκείνου
1270 508 1380 551 σοι
1437 478 1621 572 εὐχῆς
1679 484 1753 550 τὸ
1803 482 2111 550 ἐνύπνιον
2168 487 2275 550 καὶ

117 589 424 672 μέταλλα
469 581 594 657 όλα
634 586 910 674 χρύσεια
953 591 1403 685 κεκοιμῆσθαί
1445 612 1564 670 μοι
1608 587 1842 664 δοκεῖς.

300 694 360 753 7.
412 694 611 754 ΜΙΚ.
703 689 922 770 Πολύ,
970 714 1022 754 ω
1072 688 1473 775 Πυθαγόρα,
1511 693 1783 773 χρυσίον
1828 684 2037 768 εἶδον,
2082 686 2345 771 πολύ,·7

123 793 278 867 πῶς
326 790 460 855 οἴει
501 784 736 870 καλόν,
796 790 947 857 οἵαν
1007 790 1127 878 τὴν
1173 782 1376 876 αὐγὴν
1424 784 1947 875 ἀπαστράπτον,·
1998 794 2069 853 τί
2112 812 2281 855 ποτε

120 888 156 958 ὅ
208 890 560 973 Πίνδαρός
619 915 788 979 φησι
845 893 1002 977 περὶ
1065 888 1268 958 αὐτοῦ
1328 890 1661 973 ἐπαινίῦν,·
1720 884 2101 978 ἀνάμνησον
2157 889 2281 975 γάρ

123 1019 228 1077 με,
276 993 342 1061 εἰ
374 990 605 1073 οἶσθα,
650 990 864 1061 ὁπότε
907 986 1088 1078 ἱῗδωρ
1135 988 1411 1078 ἄριστον
1458 992 1671 1059 εἰπών
1718 990 1864 1060 εἶτα
1907 991 1982 1060 τὸ
2012 998 2283 1079 χρυσίον

123 1095 486 1179 θαυμάζει,
535 1094 604 1163 εὖ
636 1100 856 1163 ποιῶν
886 1146 902 1161 .
939 1148 953 1161 .
988 1144 1026 1169 .,
1073 1094 1140 1163 ἐν
1175 1090 1341 1183 ἀρχῇ
1388 1088 1593 1173 εὐθὺς
1634 1094 1776 1183 [τοῦ
1818 1096 2109 1183 βιβλίου]
2148 1150 2162 1163 .
2196 1150 2213 1163 .
2248 1149 2283 1178 .,

123 1202 246 1265 τοῦ
291 1201 652 1265 καλλίστου
694 1202 828 1265 τῶν
873 1198 1188 1286 ᾀσμάτων
1235 1195 1572 1264 ἁπάντων.

308 1304 602 1367 ΑΛΕΚ.
689 1303 866 1366 Μῶν
912 1299 1118 1367 ἐκεῖνο
1166 1300 1395 1388 ζητεῖς,

334 1398 610 1487 ἀριστον
654 1402 776 1486 μὲν
821 1395 1018 1487 ὕδωρ,
1066 1399 1100 1469 o‘
1151 1403 1222 1469 δὲ
1260 1402 1504 1488 χρυσὸς
1550 1402 1919 1486 αἰθόμενον
1962 1408 2097 1488 πῦρ

331 1497 454 1571 ὅτε
499 1505 864 1594 διαπρέπει
910 1508 1091 1573 νυκτὶ
1134 1504 1499 1589 μεγάνορος
1542 1504 1736 1588 ἔξοχα
1780 1498 2073 1573 πλούτου
2086 1538 2107 1590 ,-

311 1612 518 1674 ΜΙΚ.
605 1607 712 1697 Νὴ
746 1613 887 1675 Δία
930 1601 1116 1675 τοῦτ’
1173 1601 1367 1674 αυτό·
1416 1600 1645 1692 ὥσπερ
1689 1606 1815 1693 γὰρ
1861 1602 2107 1692 τουμὸν
2154 1608 2290 1676 ἐνύ-

136 1734 340 1776 πνιον
389 1708 549 1777 ἰδών
592 1706 629 1777 ό
662 1710 1004 1795 Πίνδαρος
1050 1703 1258 1833 οὕτως
1307 1708 1573 1777 επαινεῖ
1614 1708 1688 1776 τὸ
1719 1717 2009 1795 χρυσίον.
2084 1736 2176 1790 ως
2220 1712 2292 1778 δὲ

140 1806 316 1901 [ἤδη]
359 1812 594 1899 μάθῃς
625 1812 768 1879 οἶόν
813 1839 882 1878 τι
912 1810 1010 1898 ἦν,
1059 1807 1362 1893 ἀκουσον,
1412 1839 1463 1877 ω
1500 1812 1853 1900 σοφώτατε
1898 1806 2289 1935 ἀλεκτρυών.

137 1911 247 1981 ότι
294 1914 417 1997 μὲν
462 1939 580 1979 ουκ
625 1913 960 1992 οἰκόσιτος
1001 1940 1082 1999 ην
1120 1919 1308 1997 χθές,
1357 1910 1600 1980 οἶσθα·
1660 1908 2000 2003 Εὐκράτης
2041 1915 2167 2001 γάρ
2211 1941 2293 2000 με

140 2014 176 2086 6
225 2014 558 2093 πλούσιος
615 2013 897 2099 εντυχών
954 2040 1024 2082 εν
1076 2013 1287 2104 ἀγορᾷ
1343 2008 1751 2099 λουσάμενον
1804 2014 1987 2105 η’κειν
2044 2016 2295 2085 εκέλευε

141 2118 264 2206 τὴν
315 2109 498 2201 ὥραν
545 2116 661 2184 επὶ
706 2115 782 2184 τὸ
832 2118 1125 2184 δεῖπνον.

46 2237 126 2287 714
321 2224 382 2285 8.
426 2222 722 2285 ΑΛΕΚ.
779 2216 952 2286 Οἶδα
981 2218 1158 2285 πάνυ
1188 2222 1385 2285 τοῦτο
1430 2218 1753 2308 πεινήσας
1785 2215 1950 2307 παρ’
1989 2213 2148 2309 ὅλην
2176 2221 2296 2310 τὴν
2331 2241 2369 2296 8

141 2317 432 2409 ἡμέραν,
495 2316 644 2409 ἄχρι
687 2346 807 2404 μοι
849 2326 1141 2404 βαθείας
1191 2315 1316 2409 ἤδη
1363 2320 1653 2405 ἑσπέρας
1698 2316 1851 2407 ἧκες
1892 2318 2297 2409 ὑποβεβρεγ-

145 2430 352 2508 μένος
417 2421 574 2501 τοὺς
639 2427 840 2489 πέντε
905 2423 1196 2506 κυάμους
1269 2420 1559 2499 ἐκείνους
1622 2424 1909 2506 κομίζων
1976 2419 2053 2491 οὗ
2120 2426 2297 2491 πάνυ

150 2525 443 2609 δαψιλὲς
507 2523 582 2591 τὸ
649 2525 924 2591 δεῖπνον
981 2517 1366 2609 ἀλεκτρυόνι
1426 2518 1692 2613 ἀθλητῇ
1749 2550 1917 2592 ποτε
1971 2532 2299 2613 γενομένῳ

150 2628 266 2693 καὶ
304 2618 642 2709 Ὀλύμπια
687 2619 804 2692 οὐκ
850 2622 1126 2713 ἀφανῶς
1173 2621 1669 2713 ἀγωνισαμένῳ.

325 2733 530 2794 ΜΙΚ.
573 2721 754 2795 Ἐπεὶ
799 2728 872 2794 δὲ
917 2728 1283 2815 δειπνήσας
1328 2727 1735 2817 ἐπανῆλθον,
1784 2724 2149 2795 ἐκάθευδον
2194 2724 2300 2797 εὗ-

153 2829 290 2907 θὺς
343 2827 501 2907 τοὺς
556 2829 848 2913 κυάμους
909 2852 1016 2897 σοι
1075 2829 1517 2915 παραβαλών,
1588 2826 1732 2897 εἶτά
1786 2856 1902 2914 μοι
1961 2832 2129 2899 κατὰ
2186 2832 2303 2901 τὸν

137 2925 437 3057 (Όμηρον
483 2930 856 3019 ἀμβροσίην
900 2930 1012 2999 διὰ
1059 2932 1258 2997 νύκτα
1301 2926 1498 3010 θεῖός
1540 2958 1646 3010 τις
1689 2929 1780 3010 ὥς
1809 2926 2087 3022 ἀληθῶς
2130 2930 2304 3002 ὄνει-

155 3059 274 3119 ρος
317 3033 672 3111 ἐπιστὰς.

328 3139 624 3201 ΛΛΕΚ.
675 3134 776 3201 Τὰ
823 3133 1010 3219 παρὰ
1055 3138 1150 3221 τῷ
1182 3129 1503 3217 Εὐκράτει
1546 3099 1893 3221 πρότερον,
1940 3164 1993 3202 ω
2026 3138 2307 3220 Μικύλε,

158 3235 477 3326 διήγησαι
520 3238 631 3303 καὶ
674 3235 750 3302 τὸ
802 3236 1072 3302 δεῖπνον
1119 3235 1262 3303 οἷον
1308 3234 1563 3321 ἐγένετο
1608 3264 1715 3305 και
1762 3238 1846 3304 τὰ
1894 3264 1962 3304 εν
2004 3264 2097 3325 τῳ
2144 3263 2308 3323 συμ-

157 3344 391 3425 ποσίῳ
439 3356 744 3403 απαντα·
789 3336 1026 3403 κωλύει
1069 3336 1194 3422 γὰρ
1241 3332 1434 3405 οὐδὲν
1478 3325 1685 3416 αὖθίς
1730 3362 1804 3406 σε
1835 3302 2130 3407 δειπνεῖν
2175 3333 2309 3406 ὦσ-

159 3465 294 3525 περ
338 3434 602 3524 όνειρόν
655 3464 807 3507 τινα
862 3443 984 3505 τοῦ
1025 3439 1301 3507 δείπνου
1347 3438 1597 3508 εκείνου
1645 3438 2155 3507 ἀναπλάττοντα
2196 3446 2308 3508 καὶ

163 3536 770 3625 ἀναμαρυκώμενον
813 3544 893 3628 τῇ
937 3539 1154 3627 μνήμη
1200 3538 1284 3606 τὰ
1326 3546 1733 3627 βεβρωμένα.

338 3650 399 3713 9.
448 3648 654 3709 MIK.
717 3636 954 3729 Ὤιμην
1012 3641 1390 3725 ἐνοχλήσειν
1445 3670 1553 3710 και
1598 3648 1809 3710 ταῦτα
1852 3638 2310 3743 διηγούμενος·
2348 3664 2385 3718 9

67 3761 145 3811 715
165 3745 321 3813 επεὶ
369 3744 443 3811 δὲ
489 3744 567 3810 σὺ
616 3748 960 3832 προθυμῇ,
1007 3747 1118 3811 καὶ
1165 3744 1241 3831 δὴ
1293 3747 1480 3830 λέγω.
1554 3770 1629 3811 ου
1674 3740 2021 3833 πρότερον,
2067 3774 2119 3813 ω
2166 3754 2313 3813 Πυ-

164 3846 457 3935 θαγόρα,
504 3845 692 3934 παρὰ
739 3849 1043 3934 πλουσίῳ
1087 3850 1222 3915 τινὶ
1254 3846 1619 3936 δειπνήσας
1664 3847 1808 3915 ἐν”
1764 3874 2016 3917 απαντι
2061 3854 2157 3937 τῷ
2183 3856 2313 3938 βίῳ

164 3950 323 4039 τύχῃ
382 3951 521 4017 τινὶ
578 3942 810 4037 ἀγαθῇ
866 3948 1229 4035 ἐντυγχάνω
1271 3950 1438 4033 χθὲς
1491 3953 1589 4037 τῷ
1634 3944 1987 4037 Ευκράτει,
2032 3956 2141 4021 καὶ
2189 3953 2314 4041 ἐγώ
