2750 4534
393 224 425 281 1
435 224 467 281 1
476 223 512 281 6
1277 225 1560 279 ΔΟΥΚΙΑΝ
1562 224 1647 278 ΟΥ

389 382 694 478 λουρος’“
653 420 692 481 η
727 398 1054 481 πίθηκος·
1099 396 1208 461 καὶ
1255 393 1350 460 ετι
1397 393 1564 461 κατὰ
1608 394 1835 478 κώμας
1877 408 2021 474 τοῖς
2063 395 2185 479 μὲν
2228 392 2285 461 ὁ.
2314 394 2540 475 δεξιὸς

390 520 570 579 ωμος
612 495 807 576 θεός,
853 509 997 573 τοῖς
1043 494 1114 561 δὲ
1157 491 1302 562 κατ’
1357 490 1725 583 ἀντιπέραν
1770 490 2139 564 οἰκουσινιν
2108 491 2375 584 άτερος·
2419 500 2537 565 καὶ

391 592 618 675 αλλοις
659 599 954 686 κεφαλῆς
995 593 1342 683 ἡμίτομον,
1388 600 1498 663 καὶ
1547 594 1777 676 ἄλλοις
1817 598 2140 685 ποτήριον
2168 602 2537 683 κεραμεοῦν

387 690 430 787 ἢ
483 698 811 784 τρύβλιον.
899 702 1108 765 ταῦτα
1175 700 1323 777 πῶς
1390 692 1467 765 οὗ
1532 701 1739 785 γέλως
1806 699 2021 781 ἐστίν,
2089 726 2143 765 ω
2199 701 2357 766 καλὲ
2410 710 2535 767 Τι-
2556 716 2653 765 691

386 800 686 884 μόκλεις,·

373 934 381 941 ·
557 905 812 969 ΜΩΜ.
888 894 1024 968 Οὔκ
1067 902 1316 987 ἔλεγον,
1375 888 1432 967 ὦ
1475 908 1667 984 θεοί,
1722 903 1946 970 πάντα
1987 907 2198 971 ταῦτα
2240 897 2419 993 ἥξειν
2466 904 2542 983 ἐς

386 999 768 1092 τούμφανὲς
809 1007 921 1071 καὶ
967 998 1254 1090 ἀκριβῶς
1307 1003 1922 1095 ἐξετασθήσεσθαις

558 1111 807 1172 ΖΕΥΣ.
859 1101 1148 1192 ''Ei-eyes,
1194 1102 1258 1173 οῗ
1301 1111 1555 1191 Μῶμε,
1606 1111 1717 1175 καὶ
1764 1108 2087 1192 ἐπετίμας
2129 1101 2377 1193 ὀρθῶς,
2419 1113 2543 1176 καὶ

391 1208 591 1293 έγωγε
621 1207 1035 1295 πειράσομαι
1079 1207 1707 1294 ἐπανορθώσασθαι
1741 1203 1931 1287 αὐτά,
1974 1200 2055 1298 ἢν
2090 1208 2208 1277 τὸν
2252 1209 2319 1275 ἓν
2363 1214 2543 1279 ποσὶ

387 1313 624 1377 τοῦτον
667 1310 966 1377 κίνδυνον
1012 1308 1455 1431 διαφύγωμεν.

286 1420 362 1477 48
561 1419 660 1481 43.
716 1418 910 1479 TIM.
971 1406 1185 1493 Ἀλλ’,
1240 1410 1291 1477 ὠ
1353 1419 1548 1490 θεοῖς
1592 1411 1789 1496 ἐχθρὲ
1838 1412 1949 1494 σύ,
2006 1411 2162 1491 τοὺς
2198 1436 2545 1502 χρησμους

386 1517 496 1582 καὶ
555 1508 1074 1600 προαγορεύσεις
1128 1518 1261 1579 τῶν
1319 1512 1650 1598 ἐσομένων
1707 1520 1890 1593 τίνος
1948 1514 2138 1601 έργον
2181 1542 2263 1581 αν
2308 1516 2546 1595 εἴποις

385 1607 427 1705 ἢ
470 1620 651 1683 θεῶν
695 1619 806 1683 καὶ
850 1618 968 1705 τῆς
1011 1621 1340 1701 προνοίας
1383 1619 1501 1702 τῆς
1546 1613 1848 1698 ἐκείνωνς

556 1722 802 1785 ΔΑΜ.
889 1716 1278 1805 Σιώπησον,
1345 1714 1398 1782 a}
1460 1740 1722 1801 αριστε,
1792 1719 1947 1803 περι
2004 1720 2135 1785 τῶν
2196 1722 2541 1805 χρησμῶν,

389 1821 535 1888 επεὶ
584 1819 908 1908 ἐρήσομαί
938 1841 1031 1901 σε,
1077 1824 1261 1897 τίνος
1293 1814 1512 1885 αυτῶν
1541 1819 1834 1904 μάλιστα
1863 1823 2251 1905 μεμνῆσθαι
2283 1815 2543 1903 ἂξιοῑς,·

389 1909 500 2007 ἆρ’
554 1921 824 2002 εκείνου,
870 1946 946 1987 ον
989 1924 1085 2007 τῷ
1114 1921 1332 2007 Λυδῷ
1376 1920 1412 1988 o‘
1461 1921 1733 1999 Πύθιος
1776 1922 2075 2009 ἐ’χρησεν,
2122 1921 2198 1999 ὃς
2243 1916 2540 2007 ἀκριβῶς

389 2023 694 2111 ἀμφήκης
737 2009 814 2111 ἦν
856 2026 964 2090 καὶ
1014 2023 1475 2110 διπρόσωπος,
1524 2022 1659 2090 οἷοί
1704 2022 1837 2090 εἰσι
1878 2026 2010 2090 τῶν
2049 2020 2295 2108 Ἑρμῶν
2342 2024 2539 2106 ἔνιοι,

388 2126 600 2193 διττοὶ
647 2128 756 2191 καὶ
817 2119 1304 2214 ἀμφοτέρωθεν
1361 2118 1624 2209 ὅμοιοι,
1685 2124 1859 2210 πρὸς
1910 2120 2238 2212 ὁπότερον
2284 2116 2365 2192 ὃν
2411 2122 2537 2193 αὖ·

385 2231 516 2295 τῶν
573 2232 772 2312 μέρος
827 2227 1246 2317 ἐπιστραφῇς
1261 2258 1284 2311 ,·
1337 2234 1409 2293 τί
1447 2228 1573 2314 γάρ
1588 2258 1610 2311 ,·
1662 2230 1917 2311 μᾶλλον
1961 2224 1996 2295 o‘
2045 2235 2337 2313 Κροῖσος
2382 2229 2536 2294 δια-

385 2439 603 2500 καίτοι
639 2426 754 2499 οὒκ
797 2426 1038 2518 ὀλίγων
1079 2431 1425 2499 ταλάντων
1467 2428 1503 2498 0‘
1538 2431 1910 2519 Σαρδιανὸς
1954 2431 2197 2509 ἐκεῖνος
2240 2428 2533 2517 ὄλεθρος
2548 2450 2648 2499 692

383 2534 460 2602 τὸ
509 2528 906 2623 ἀμφιδέξιον
948 2538 1147 2602 τοῦτο
1194 2534 1389 2635 έπος”
1410 2533 1711 2621 ἐπρίατο.

555 2640 807 2703 ΜΩΜ.
873 2631 1074 2703 Αὗτά
1120 2662 1285 2718 που,
1333 2634 1387 2701 ὠ
1434 2642 1621 2717 θεοί,
1671 2632 1834 2723 ἆνὴρ
1880 2636 2274 2722 διεξέρχεται
2321 2638 2531 2721 λέγων

387 2766 430 2805 α
475 2738 597 2826 ἐγώ
646 2738 923 2805 ἐδεδίειν
964 2738 1280 2822 μάλιστα.
1367 2742 1503 2805 ποῦ
1546 2741 1660 2805 νῦν
1704 2734 1740 2805 o‘
1786 2737 1985 2816 καλὸς
2024 2733 2183 2827 ἡμῖν
2224 2743 2531 2825 κιθαρῳ-

385 2841 534 2924 δός,·
578 2834 1000 2928 απολόγησαι
1045 2835 1226 2927 αὐτῷ
1268 2838 1617 2908 κατελθών
1662 2839 1833 2925 πρὸς
1874 2844 2104 2908 ταῦτα.

552 2947 800 3009 ΖΕΥΣ.
847 2940 936 3009 Σὺ
975 2938 1152 3031 ἡμᾶς
1193 2942 1652 3031 ἐπισφάττεις,
1700 2928 1751 3005 οἷ
1785 2946 2026 3027 Μῶμε,
2074 2936 2189 3008 οὐκ
2218 2940 2289 3007 ἐν
2317 2946 2530 3027 καιρῷ

384 3048 495 3113 νῦν
542 3044 888 3127 ἐπιτιμῶν.
1623 3131 1646 3141 „

281 3157 357 3213 44
554 3153 657 3213 44.
710 3152 906 3213 ΤΙΜ.
934 3138 1104 3229 (Όρα
1149 3145 1260 3211 οἷα
1303 3160 1544 3227 ποιεῖς,
1591 3142 1643 3211 ὦ
1692 3144 1991 3233 ἀλιτήριε
2030 3149 2235 3231 Δᾶμι,
2284 3173 2527 3232 μονον-

385 3252 526 3333 ουχὶ
556 3247 639 3315 τὰ
686 3247 797 3337 ἕδη
831 3242 999 3315 αὐτὰ
1041 3251 1174 3314 τῶν
1203 3250 1388 3315 θεῶν
1432 3242 1831 3332 ἀνατρέπεις
1874 3252 1971 3333 τῷ
2018 3248 2190 3335 λόγῳ
2233 3253 2344 3317 καὶ
2387 3255 2527 3334 βω-

382 3350 546 3435 μοὺς
590 3344 825 3418 αὐτῶν.
2073 3438 2099 3447 „

549 3458 795 3521 AAM.
850 3445 945 3521 Οὗ
982 3451 1240 3529 πάντας
1283 3452 1487 3537 ἔγωγε
1515 3450 1670 3529 τοὺς
1711 3451 1997 3536 βωμούς,
2046 3448 2097 3517 ὠ
2152 3452 2525 3536 Τιμόκλεις.

380 3564 447 3625 τί
489 3555 615 3645 γὰρ
645 3560 756 3622 καὶ
803 3553 1019 3621 δεινὸν
1051 3547 1176 3619 ἀπ’
1229 3547 1444 3620 αὐτῶν
1486 3559 1795 3640 γίγνεται,
1843 3552 1903 3620 εἰ
1931 3553 2383 3638 θυμιαμάτων
2411 3560 2525 3623 καὶ

381 3652 664 3735 εὐωδίας
707 3656 840 3723 εἰσὶ
883 3661 1149 3739 μεστοί,
1207 3654 1364 3732 τοὺς
1410 3650 1473 3721 δ’
1527 3654 1594 3723 ἐν
1647 3655 1934 3743 Ταύροις
1975 3659 2095 3741 τῆς
2130 3649 2529 3741 Ἀρτέμιδος

377 3759 590 3849 ἡδέως
635 3750 715 3825 ὃν
773 3757 1040 3826 ἐπεῖδον
1097 3758 1166 3825 ἐκ
1221 3757 1505 3843 βάθρων
1562 3756 1676 3823 ἐπὶ
1723 3756 2019 3846 κεφαλὴν
2062 3751 2525 3844 ἀνατρεπομέ-

380 3887 548 3944 νους,
596 3861 681 3949 ἐφ
727 3855 820 3927 ὦν
861 3864 1141 3928 τοιαῦτα
1182 3857 1222 3949 ἡ
1269 3865 1615 3944 παρθένος
1660 3854 2066 3948 εὐωχουμένη
2110 3860 2347 3946 ἔχαιρε.

548 3969 796 4031 ΖΕΥΣ.
878 3966 1077 4030 Τουτὶ
1137 3962 1359 4030 πόθεν
1416 3960 1573 4051 ἡμῖν
1630 3960 1705 4029 τὸ
1763 3957 2018 4045 ἄμαχον
2060 3960 2257 4029 κακὸν
2315 3960 2525 4049 ἐπῆλ-
