2750 4534
1121 269 1405 323 AMORES.
2226 266 2346 324 165

406 466 626 524 σειας
681 442 704 528 ss
759 443 1254 525 άνοχλησίας
1311 438 1583 502 QHarl.
1648 446 1714 501 ut
1774 445 1940 502 reete
2008 441 2351 503 emendarat
2447 448 2452 453 “

405 550 546 613 Gob.

171 674 224 719 e.
269 658 380 715 28.
414 650 602 732 ὃμιλη
622 668 660 713 σ
673 674 700 714 ε
716 656 740 713 ί
751 666 969 713 τωσαν
1001 645 1026 730 Ι
1057 645 1247 728 ὁμιλη
1265 664 1304 710 σ
1318 644 1359 711 ά
1373 662 1593 737 τωσαν
1640 642 1715 705 Ω
1734 644 1858 704 ΓΗ
1874 663 1911 704 a
1926 646 2008 705 rl.

171 776 227 817 e.
266 760 376 817 29.
409 750 731 818 έπαὺσατο
790 746 1002 814 δεινόν
1046 775 1106 813 τι
1150 754 1257 813 καὶ
1300 752 1613 829 θηριῶδες
1658 749 1687 809 ἐ
1702 772 1741 811 ν
1783 772 1821 810 τ
1836 770 1873 811 ο
1888 761 1958 823 ῖς
2002 743 2154 823 ὄμμ
2168 770 2207 810 α
2221 764 2261 811 σ
2275 772 2349 811 ιν

177 2001 229 2041 e.
265 1986 378 2041 31.

179 2409 231 2451 c.
267 2395 375 2452 34.

181 2714 229 2760 e.
260 2701 369 2756 36.

181 2818 232 2859 e.
266 2800 368 2861 38.

181 3021 232 3063 e.
268 3008 371 3064 39.

401 854 798 933 ὑποβλέπων
823 851 840 933 Η
873 848 976 935 [έν
1005 865 1174 927 τοῖς
1199 842 1555 930 ὄμμασιν]
1588 850 1749 914 det.
1782 881 1867 894 —-
1896 854 2346 929 Περίκλειον

401 962 478 1021 δὲ
535 952 742 1020 πειθὼ
798 960 906 1018 καὶ
953 962 1090 1018 τῶν
1135 955 1285 1017 δέκα
1329 949 1629 1034 ῥητόρων
1672 948 1787 1028 τὰς
1830 947 2192 1015 Μακεδόσιν
2239 950 2347 1016 α’ν-

400 1060 856 1134 θωπλισμένας
912 1052 1205 1137 γλώσσας
1264 1057 1334 1119 έν
1387 1057 1481 1119 ἑνὶ
1539 1062 1633 1139 τῷ
1678 1061 1772 1139 σῶ
1817 1051 1995 1139 λόγῳ
2041 1059 2111 1117 δι
2126 1055 2347 1136 α’τρῖ·

400 1182 452 1241 ψ
470 1187 510 1226 α
526 1189 547 1225 ι
571 1168 719 1239 μιᾶς
747 1167 884 1223 τῶν
915 1161 984 1224 ἐν
1007 1164 1218 1223 Πνυκὶ
1241 1158 1649 1239 δημηγοριῶν
1673 1155 2147 1237 α’ναμνησθέντι
2180 1154 2203 1239 ΙΙ
2233 1165 2347 1222 Πε-

401 1270 686 1346 ρίκλειον
717 1258 790 1341 (Γ
820 1264 1012 1339 Harl.)
1045 1265 1118 1325 δὲ
1147 1258 1354 1325 πειθὼ
1390 1265 1496 1323 καὶ
1539 1267 1675 1323 τῶν
1720 1262 1869 1323 δέκα
1901 1255 2198 1341 ῥητόρων
2232 1306 2245 1318 .
2278 1312 2291 1324 .
2328 1311 2342 1324 .

401 1364 696 1445 γλώσσας
743 1366 812 1429 έν
860 1366 1002 1441 [ἑνὶ]
1049 1370 1144 1448 τῷ
1190 1370 1285 1448 σῷ
1328 1360 1506 1448 λόγῳ
1552 1366 1672 1426 δεῖ
1710 1364 2154 1443 διαπρέψαι
2198 1369 2347 1439 μιᾶς

402 1475 540 1531 τῶν
595 1469 664 1531 ἐν
722 1472 932 1531 Πυκνὶ
990 1470 1399 1546 δημηγοριῶν
1452 1457 1942 1545 α’ναμνησθέντι.
2050 1466 2350 1540 Perquam

402 1574 714 1646 corruptus
770 1570 832 1629 in
877 1569 1148 1629 omnibus
1191 1566 1320 1628 fere
1380 1567 1679 1628 codicibus
1737 1570 1828 1628 est
1868 1567 1966 1626 hie
2008 1568 2175 1627 loeus
2192 1611 2209 1645 ‚
2270 1566 2347 1626 ad

403 1690 578 1749 quem
636 1671 960 1732 sanandum
1017 1670 1130 1731 Bk.
1192 1675 1252 1731 et
1293 1669 1437 1730 Ddf.
1492 1671 1711 1746 optime
1768 1671 2141 1730 inseruerunt
2196 1672 2347 1749 δεῖ,

400 1777 489 1835 illi
523 1791 632 1851 pro
665 1778 751 1854 δὲ,
799 1792 934 1853 ego,
982 1776 1081 1850 qui
1108 1775 1348 1834 servavi
1378 1776 1464 1852 δὲ,
1497 1776 1632 1833 ante
1664 1774 2141 1852 διαπρέψαι,
2186 1772 2347 1847 quod

403 1879 646 1955 egregie
693 1881 1078 1937 correxerunt
1121 1893 1196 1936 ex
1242 1880 1572 1956 διατρῖψαι
1617 1871 1701 1940 Ω.

425 1978 815 2059 εὐξαίμην
844 1974 966 2060 γὰρ
998 1970 1099 2057 ἄν,
1134 1978 1307 2058 εἴπερ
1336 1972 1418 2058 ἦν
1449 1978 1519 2041 ἐν
1551 1981 1809 2062 δυνατῷ
1842 1975 1865 2057 ΙΙ
1897 1974 2259 2058 εὐξάμην
2288 2002 2340 2055 y.

401 2078 484 2145 ἄν
515 2080 680 2141 det.
731 2079 831 2140 Sie
859 2080 1255 2159 scribendum,
1290 2082 1431 2156 quia
1460 2084 1695 2157 optatur
1725 2080 1884 2156 quod
1915 2082 2044 2156 quis
2076 2080 2204 2141 fieri
2233 2082 2347 2140 seit

401 2201 520 2245 non
549 2200 746 2261 posse.
792 2218 878 2226 -—
921 2184 989 2246 ἐκ
1026 2190 1162 2247 τῶν
1207 2179 1697 2263 ὀροδάμνων
1731 2182 1753 2261 ΙΙ
1786 2176 2178 2264 ὀροδαφνῶν
2208 2175 2344 2242 ΩΓ

400 2288 568 2347 Harl.

408 2384 764 2468 ἐπενόησαν
808 2384 846 2468 ἠ
892 2395 1190 2450 παλαιῶν
1235 2388 1486 2468 ῥιζῶν
1529 2385 1567 2468 ἢ
1616 2394 1896 2465 φυτῶν
1942 2382 2067 2450 αὖα
2115 2383 2347 2452 κοιλώ-

398 2513 568 2566 ματα
601 2488 623 2567 ΙΙ
655 2490 775 2549 Res
818 2491 952 2566 ipsa
994 2490 1182 2565 magis
1228 2507 1405 2564 quam
1449 2490 1773 2549 litterarum
1830 2491 2087 2566 vestigia
2139 2490 2347 2550 volunt

400 2597 670 2672 δρυῶν
715 2588 754 2673 ἢ
799 2598 1078 2671 φηγῶν
1124 2591 1270 2652 Oob.

417 2689 725 2778 ἑκάστῳ
758 2688 781 2774 Ι]
815 2692 950 2752 add.
997 2688 1144 2776 ζώῳ
1192 2688 1443 2753 ssHarl.

407 2799 538 2860 ἵνα
582 2802 722 2871 πῶς
763 2800 1082 2871 μείνωμεν
1127 2791 1487 2876 ἄνθρωπον
1520 2791 1543 2876 ΙΙ
1577 2795 1748 2857 εἶτα
1793 2794 1935 2856 Gob.
1980 2828 2059 2838 —
2108 2790 2346 2875 ὡραϊ-

399 2900 630 2977 σμένης
662 2894 686 2979 ΙΙ
718 2893 1154 2977 ὡραϊζομένης
1198 2892 1452 2957 ssHarl.

405 3005 461 3063 εἰ
501 3007 664 3079 γοῦν
695 3052 708 3064 .
745 3046 760 3061 .
790 3051 803 3064 .
840 2996 922 3063 ἂν
967 3000 1093 3062 ἴδοι
1137 3024 1233 3075 τις
1265 2997 1288 3078 ΙΙ
1320 3018 1446 3059 om.
1485 2996 1566 3063 ἂν
1611 2994 1662 3058 Γ
1702 3033 1783 3043 —-
1828 2996 1911 3062 ου’
1955 2994 2076 3079 γὰρ
2106 2994 2343 3074 ὕδατος

447 3155 460 3167 .
498 3154 511 3167 .
557 3099 791 3179 νάματι
842 3098 959 3165 τὸν
1018 3098 1312 3182 ὕπνηλὸν
1365 3098 1844 3181 άπονιψάμεναι
1895 3097 2102 3182 κάρον
2149 3098 2343 3178 εὐθὺς

399 3202 714 3269 ἅπτονται
777 3208 1059 3284 σπουδῆς
1118 3204 1426 3284 ἐχομένου
1485 3202 1661 3280 τινὸς
1727 3201 2101 3285 πράγματος
2154 3200 2177 3285 ΙΙ
2228 3205 2345 3263 Vix

399 3307 612 3383 dignus
650 3310 740 3366 est
781 3308 879 3365 hie
922 3308 1110 3384 loono,
1158 3309 1252 3366 eui
1296 3308 1650 3368 consulatur.
1724 3306 1947 3379 Quodsi
1991 3301 2197 3386 κάρον
2244 3323 2346 3365 ex-

395 3410 743 3487 terminavi,
797 3410 1072 3483 quoniam
1114 3408 1272 3468 idem
1317 3409 1611 3486 signifieat
1653 3412 1830 3484 atque
1874 3402 2187 3487 ὑπνηλὸν,
2232 3406 2359 3483 pro'

397 3515 685 3592 σπουδῆς
744 3515 937 3571 autem
984 3514 1234 3590 σπουδῇ
1276 3513 1557 3587 seriptum
1600 3509 1783 3571 fuisse
1829 3510 2078 3570 arbitror
2122 3509 2198 3568 ad
2242 3528 2342 3569 ex-

400 3613 740 3690 plicandum
789 3613 945 3689 quod
979 3614 1245 3689 sequitur
1275 3615 1603 3693 ἐχομένου,
1650 3613 1959 3692 ἐχομένου
1994 3617 2187 3673 autem
2218 3632 2343 3672 mu-

395 3717 520 3775 tavi
563 3718 625 3775 in
665 3716 984 3794 ἐχομένως
1028 3716 1136 3792 (---=
1166 3724 1434 3788 strenue,
1480 3715 1764 3794 naviter),
1808 3717 1893 3774 sie
1937 3720 2001 3775 ut
2041 3719 2165 3775 tota
2208 3733 2341 3775 sen-

398 3819 585 3878 tentia
630 3818 766 3877 talis
809 3819 887 3877 sit
931 3816 1327 3877 conformata:
1375 3814 1457 3880 οὐ
1501 3813 1622 3898 γὰρ
1667 3812 1903 3893 ’ἶῖδατος
1946 3867 1960 3881 .
1998 3862 2010 3875 .
2044 3868 2057 3881 .
2106 3812 2342 3893 νάματι

396 3915 517 3983 τὸν
575 3915 872 3999 ὑπνηλὸν
931 3916 1409 3997 ἀπονιψάμεναι
1468 3914 1663 3995 εὐθὺς
1708 3914 2022 3983 ἅπτονται
2068 3920 2340 3999 ἐχομέ-

397 4044 555 4097 νως
613 4018 791 4096 τινὸς
848 4018 1220 4101 πράγματος
1278 4023 1423 4096 (ηοη
1472 4024 1633 4093 ,εηίηι
1676 4039 1843 4098 aqua
1876 4039 2049 4097 pura
2092 4039 2172 4083 ex
2217 4025 2341 4083 alto
