2750 4534
932 297 1100 350 ΥΠΕΡ
1135 296 1268 350 ‘mN
1303 297 1612 350 ΕΙΚΟΝΩΝ.
2266 299 2345 356 51

184 470 454 548 ρι’πτεις
495 464 574 532 τὸ
625 466 923 548 βιβλίον,
981 454 1025 550 ἢ
1084 464 1288 542 δίδως
1345 458 1528 551 αύτῷ
1587 462 2084 550 ἐλευθεριάζειν
2142 465 2212 532 ἐν
2256 471 2354 552 τῷ

66 582 164 632 504
183 564 481 652 ἐπαίνῳ,·
540 560 712 633 ἀλλὰ
771 556 893 633 κᾶν
951 565 1031 633 σύ
1085 565 1174 652 μὴ
1235 566 1400 652 δῷς,
1458 559 1499 633 ὅ
1552 590 1627 651 γε
1668 569 1989 645 τοσοῦτος
2034 567 2201 634 αἰών
2244 569 2348 634 δέ·

181 667 414 749 δωκεν,
461 660 612 733 οὔδ’
667 667 848 735 ἔστιν
893 660 1083 746 ὅστις
1129 660 1332 734 αὐτὸν
1380 666 1498 734 ἐπὶ
1540 667 1756 754 τούτῳ
1800 660 2151 756 ᾐτιάσατο,
2198 664 2350 736 οὐδὲ

179 764 217 834 ό
282 768 610 852 μαστίξαι
665 768 1006 855 τολμήσας
1064 762 1270 835 αὐτοῦ
1313 767 1435 855 τὴν
1481 768 1705 836 εἰκόνα
1750 763 1895 837 οὐδ’
1954 765 1989 836 o‘
2038 767 2122 835 τὰ
2168 768 2347 835 νόθα

177 870 766 959 ἐπισημηνάμενος
799 874 933 938 τῶν
964 870 1148 938 ἐπῶν
1193 869 1262 937 ἐν
1305 873 1393 959 τῇ
1434 875 1852 960 παραγραφῇ
1897 874 2031 936 τῶν
2075 865 2345 954 ὀβελῶν.

177 969 329 1039 εἶτα
376 971 604 1060 ἐκείνῳ
647 973 769 1056 μὲν
812 971 1230 1061 ἐφεθήσεται
1269 972 1611 1060 βάρβαρον
1640 986 1936 1058 γυναῖκα,
1980 975 2094 1038 καὶ
2136 976 2347 1039 ταῦτα

173 1076 570 1156 κλαίουσαν,
624 1079 710 1162 τῇ
749 1078 961 1163 χρυσῇ
1003 1069 1373 1163 Ἀφροδίτῃ
1426 1073 1723 1151 εἰκάσαι,
1770 1073 1896 1160 ἐγώ
1945 1075 2051 1154 δέ,
2094 1073 2209 1140 ἵνα
2250 1071 2340 1159 μὴ

173 1175 250 1242 τὸ
299 1174 542 1255 κάλλος
587 1176 785 1257 ε’ίπω,
833 1175 1010 1244 διότι
1052 1174 1142 1261 μὴ
1193 1169 1393 1262 ἇνέχῃ
1440 1168 1795 1256 ἀκούουσα,
1844 1171 1960 1242 οὐκ
2005 1166 2085 1241 ὃν
2117 1201 2343 1260 παρα-

169 1277 498 1361 βάλλοιμι
561 1281 748 1344 θεῶν
816 1277 1028 1345 εἰκόσι
1094 1290 1374 1363 γυναῖκα
1440 1276 1737 1364 φαιδρὰν
1802 1280 1911 1344 καὶ
1971 1278 2340 1361 μειδιῶσαν

169 1378 258 1444 τὰ
304 1378 562 1460 πολλά,
609 1373 780 1466 ὅπερ
823 1385 1019 1458 θεοῖς
1063 1372 1300 1465 ὅμοιον
1333 1375 1699 1464 ἅνθρωποι
1728 1378 1988 1462 ἔχουσιν
2002 1408 2023 1461 ,·
2066 1385 2169 1446 25.
2218 1379 2335 1448 ἐπὶ
2369 1387 2445 1443 25

172 1486 298 1564 μέν
351 1505 427 1568 γε
483 1483 605 1548 τοῦ
637 1475 1133 1567 Ἀγαμέμνονος
1176 1478 1340 1569 ὁρᾷς
1384 1475 1549 1569 ὅσην
1597 1475 1799 1558 αὐτὸς
1843 1480 2056 1567 φειδῶ
2105 1476 2339 1566 ἐποιή-

173 1606 345 1650 σατο
401 1586 534 1649 τῶν
590 1587 774 1650 θεῶν
829 1585 941 1651 καὶ
999 1579 1092 1661 ῶς
1149 1582 1591 1666 ἐταμιεύσατο
1648 1581 1771 1660 τὰς
1828 1581 2088 1659 εἰκόνας
2140 1583 2208 1660 ἐς
2257 1581 2334 1649 τὸ

170 1683 582 1771 σύμμετρον·
651 1681 742 1762 ὥς
807 1680 1080 1768 ὄμματα
1152 1689 1272 1768 μέν
1341 1707 1511 1773 φησι
1576 1687 1688 1751 καὶ
1753 1682 2051 1772 κεφαλὴν
2118 1683 2336 1751 ἰ’κελον

170 1779 382 1852 αὐτὸν
424 1782 599 1853 εἶναι
641 1811 736 1872 τῳ
782 1792 936 1871 Διί,
992 1789 1090 1872 τῷ
1119 1781 1318 1908 ’Ἀρεῖ
1374 1786 1447 1853 δὲ
1490 1785 1609 1874 τὴν
1656 1784 1895 1872 ζώνην,
1944 1791 2216 1871 στέρνον
2260 1787 2333 1853 δὲ

166 1889 268 1973 τῶ
314 1887 725 1968 Ποσειδῶνι,
787 1888 1068 1974 διαιρῶν
1123 1887 1242 1955 τὸν
1301 1883 1676 1971 άνθρωπον
1735 1913 1903 1954 κατα
1947 1891 2111 1976 μέλη
2160 1887 2333 1974 πρὸς

165 1988 510 2055 τοσούτων
554 1993 736 2056 θεῶν
791 1989 1082 2067 εἰκόνας·
1140 1992 1253 2057 καὶ
1301 1987 1385 2056 αὖ
1433 1984 1640 2058 πάλιν
1693 1991 2105 2077 βροτολοιγῷ
2133 1985 2339 2077 ’Ἀρει

167 2114 380 2178 φησιν
424 2084 662 2174 όμοιον
708 2088 880 2158 εἶναι
922 2094 1032 2158 καὶ
1080 2088 1280 2159 άλλον
1340 2086 1554 2178 αλλῳ,
1615 2093 1890 2180 θεοειδῆ
1934 2091 2050 2159 τὸν
2099 2092 2331 2178 Φρύγα

162 2193 284 2259 τὸν
329 2192 670 2280 Πριάμου,
715 2196 828 2260 καὶ
858 2195 1244 2260 θεοείκελον
1273 2160 1601 2271 πολλάκις
1628 2193 1744 2262 τὸν
1776 2195 2078 2283 Πηλέως.
2154 2190 2328 2260 ἄλλα

166 2293 486 2378 ἐπάνειμι
545 2282 750 2373 αὖθις
805 2294 922 2362 ἐπὶ
979 2295 1064 2362 τὰ
1123 2309 1463 2382 γυναικεῖα
1529 2299 1661 2362 τῶν
1728 2296 2326 2382 παραδειγμάτων·

165 2391 432 2474 ἀκούεις
473 2395 598 2482 γὰρ
645 2397 725 2484 δή
772 2421 907 2464 που
949 2391 1154 2464 αὐτοῦ
1199 2398 1506 2483 λέγοντος

53 2513 142 2561 505
550 2497 897 2585 Ἀρτέμιδι
941 2498 1120 2587 ἰκέλη
1166 2493 1243 2588 ἠὲ
1283 2505 1526 2587 χρυσέῃ
1564 2494 1959 2587 Ἀφροδίτῃ.

157 2625 272 2666 και

556 2701 663 2789 οἵη
712 2701 752 2766 δ
767 2694 787 2720 ³
827 2697 1149 2785 ’Ἀρτεμις
1194 2698 1326 2769 εἶσι
1370 2700 1523 2768 κατ’
1574 2697 1825 2787 οὔρεος.

155 2805 260 2868 26.
321 2795 398 2866 οὗ
456 2800 660 2884 μόνον
719 2803 792 2869 δὲ
835 2801 993 2881 τοὺς
1050 2796 1461 2888 ἀνθρώπους
1505 2797 1747 2880 αὖτοὺς
1789 2807 1983 2881 θεοῖς
2028 2798 2313 2869 άπεικά-
2348 2815 2433 2874 26

155 2903 285 2984 ζει,
351 2896 524 2968 ἀλλὰ
581 2907 692 2971 καὶ
750 2903 872 2992 τὴν
919 2898 1276 2992 Εὐφόρβου
1328 2905 1539 2992 κόμην
1582 2919 1732 2983 ταῖς
1776 2905 2074 2989 Χάρισιν
2120 2898 2320 2972 ἆπεί-

151 3027 351 3084 κασε,
407 3006 520 3070 καὶ
578 3008 792 3071 ταῦτα
854 3005 1092 3089 αἵματι
1149 3005 1560 3095 δεδευμένην.
1648 3010 1760 3075 καὶ
1806 2999 1980 3084 όλως
2022 3010 2319 3073 τοσαῦτά

150 3108 297 3172 ἐστι
359 3104 445 3172 τὰ
503 3110 817 3188 τοιαῦτα,
879 3103 969 3185 ὥς
1029 3107 1237 3196 μηδὲν
1297 3105 1473 3175 εἶναι
1528 3114 1730 3195 μέρος
1784 3113 1903 3198 τῆς
1958 3108 2317 3195 ποιήσεως,

147 3207 184 3274 ὃ
233 3206 325 3293 μὴ
374 3219 525 3285 ταῖς
569 3212 802 3286 θείαις
847 3208 1062 3275 εικόσι
1107 3204 1645 3299 διακεκόσμηται.
1736 3204 1909 3277 ω’στε
1965 3200 2005 3297 ἢ
2050 3204 2317 3278 κάκεῖνα

148 3306 611 3431 ἐξαληλίφθω,
657 3299 700 3397 ἢ
728 3312 839 3376 καὶ
884 3305 1044 3395 ημῖν
1074 3308 1158 3375 τὰ
1192 3302 1400 3394 όμοια
1429 3313 1683 3394 τολμᾶν
1731 3310 2061 3396 ἐφείσθω.
2138 3303 2312 3377 ούτω

145 3410 220 3475 δὲ
278 3407 358 3476 τὸ
419 3409 588 3476 κατὰ
643 3409 766 3489 τὰς
823 3411 1084 3488 εἰκόνας
1148 3415 1261 3479 καὶ
1325 3411 1451 3490 τὰς
1516 3409 1877 3497 ὅμοιωσεις
1944 3405 2313 3478 ἇνεύθυνόν

143 3510 362 3592 ἐστιν,
431 3504 606 3578 ω’στε
644 3506 937 3601 (Όμηρος
995 3516 1109 3580 καὶ
1173 3512 1297 3591 τὰς
1354 3512 1528 3592 θεὰς
1585 3509 1793 3592 αὐτὰς
1850 3507 1967 3580 οὐκ
2022 3509 2311 3599 ὤκνησεν

143 3606 290 3678 ἆπο
363 3614 500 3678 τῶν
569 3611 942 3680 ἐλαττόνων
1012 3613 1405 3682 ἐπαινέσαι·
1477 3614 1634 3694 τούς
1701 3619 1857 3700 γοῦν
1924 3617 2043 3699 τῆς
2091 3605 2311 3697 (Ἠρας

139 3713 556 3800 ὀφθαλμοὺς
584 3729 728 3794 τοῖς
761 3720 896 3783 τῶν
937 3719 1118 3800 βοῶν
1151 3715 1447 3782 ε’ίκασεν·
1496 3715 1718 3802 ἕτερος
1750 3717 1823 3782 δέ
1849 3739 1954 3793 τις
1987 3715 2308 3803 ἰοβλέφα-

140 3842 260 3898 ρον
305 3815 426 3903 τὴν
463 3808 876 3907 Ἀφροδίτην
923 3814 1094 3884 εἶπε.
1176 3816 1295 3904 τὴν
1337 3819 1460 3903 μὲν
1504 3818 1630 3904 γὰρ
1677 3817 2162 3907 ῥοδοδάκτυλον
2206 3826 2309 3897 τίς

139 3912 372 4003 άγνοεῖ
424 3921 562 3984 τῶν
613 3909 734 3986 κᾶν
788 3913 917 3986 ἐπ’
972 3917 1318 4002 ἐλάχιστον
1361 3923 1448 4008 τῇ
1486 3916 1770 4004 Ὁμήρου
1817 3920 2092 4001 ποιήσει
2137 3918 2307 4006 (ὗμι-

139 4018 479 4107 ληκότωνς

1921 4122 1995 4174 4*
