2750 4534
422 239 502 295 20
1302 238 1708 303 [ΔΟΥΚΙΑΝΟΥ]

421 408 701 475 ἑκάστου
762 409 1094 487 διανοίαις
1152 407 1423 492 έμπνεῖ,
1480 412 1592 475 καὶ
1652 407 1960 492 λαχόντες
2019 409 2180 474 ἵλεω
2223 410 2419 481 τοῦδε
2461 413 2581 475 τοῦ

424 512 743 596 δαίμονος
800 507 1044 601 ἡδονὴν
1103 504 1304 598 ἆρετῇ
1361 516 1763 600 μεμιγμένην
1822 505 2307 595 ἀσπαζόμεθα·
2377 510 2577 579 δισσὰ

423 614 550 700 γὰρ
617 611 827 692 ὄντως
885 613 1053 680 κατὰ
1115 612 1233 680 τὸν
1288 611 1598 701 τραγικὸν
1657 613 2003 697 πνεύματα
2060 627 2217 680 πνεῖ
2273 609 2308 680 6
2353 609 2581 700 Ἔρως,

427 716 574 794 ἑνὸς
633 718 705 784 δὲ
763 710 1092 800 ὀνόματος
1150 709 1264 798 οὗχ
1320 709 1524 800 ὅμοια
1579 714 1664 781 τὰ
1717 715 1915 806 πάθη
1961 715 2413 804 κεκοινώνηκε·
2470 720 2583 782 καὶ

425 818 552 906 γὰρ
607 818 848 896 Αἰδώς
905 815 1237 907 ὠφελείας
1295 813 1467 901 ὁμοῦ
1522 821 1631 884 καὶ
1687 818 1943 906 βλάβης
2000 813 2381 907 ἀμφίβολός
2439 818 2693 884 έστι439

433 922 722 1005 δαίμων·

515 1021 757 1100 Αἰδώς
799 1015 906 1108 ἥτ’
960 1017 1207 1110 ἄνδρας
1246 1028 1418 1110 μέγα
1464 1029 1721 1090 σίνεται
1762 1015 1875 1111 ἠδ’
1924 1015 2242 1110 ὀνίνησιν.

515 1119 592 1190 οὗ
636 1123 768 1213 μὴν
815 1118 965 1192 οὐδ’
1007 1119 1288 1212 Ἐρίδων
1332 1131 1520 1212 γένος
1566 1124 1748 1191 ἔστιν
1794 1123 1879 1205 ἕν,
1928 1117 2077 1190 ἄλλ’
2134 1123 2249 1192 ἐπὶ
2293 1139 2489 1209 γαῖαν

517 1226 648 1293 εἰσὶ
697 1227 853 1308 δύω,
900 1226 1019 1314 τὴν
1061 1233 1182 1311 μέν
1225 1253 1335 1295 κεν
1382 1226 1771 1315 ἐπαινήσειε
1816 1225 2080 1313 νοήσας.

517 1325 556 1416 ἡ
607 1323 670 1395 δ’
724 1328 1157 1418 ἐπιμωμητή·
1207 1330 1320 1398 διὰ
1367 1324 1430 1396 δ’
1485 1325 1719 1412 ἄνδιχα
1763 1329 1985 1412 θυμὸν
2030 1330 2311 1414 ἔχουσιν.

438 1426 627 1499 οὐδὲν
684 1419 799 1500 οὖν
858 1433 1276 1519 παράδοξον,
1335 1431 1397 1499 εἰ
1451 1432 1686 1508 πάθος
1742 1429 1943 1519 άρετῇ
1985 1430 2210 1517 κοινὴν
2252 1454 2591 1554 προσηγο-

439 1541 590 1614 ρίαν
647 1534 819 1617 ε’χειν
876 1535 1126 1618 έτυχεν,
1188 1530 1360 1601 ω’στε
1418 1533 1635 1619 ε’ρωτα
1690 1535 2051 1600 καλεῖσθαι
2104 1537 2214 1600 καὶ
2270 1533 2391 1618 τὴν
2438 1529 2592 1599 άκό-

332 1645 409 1700 38
443 1638 686 1705 λαστον
711 1633 984 1758 ηδονὴν
1037 1640 1149 1704 καὶ
1204 1635 1325 1722 τὴν
1385 1639 1864 1723 σωφρονοῦσαν
1923 1631 2204 1703 εὔνοιαν.
2295 1641 2396 1703 38.
2458 1636 2554 1702 Γ
2516 1665 2595 1701 α-

435 1763 602 1824 μους
660 1766 803 1821 ουν,
867 1737 1200 1827 φησί,τό
1259 1739 1465 1826 μηδὲν
1524 1739 1685 1816 οἴει,
1743 1741 1855 1804 καὶ
1909 1737 1985 1804 τὸ
2043 1741 2220 1826 θῆλυ
2273 1742 2394 1805 τοῦ
2434 1743 2589 1822 βίου

438 1841 867 1930 φυγαδεύεις,
928 1839 1073 1909 εἶτα
1116 1845 1267 1920 πῶς
1310 1846 1641 1925 μείνωμεν
1684 1837 2081 1925 άνθρωποι;
2138 1839 2427 1930 ζηλωτὸν
2471 1841 2591 1925 μὲν

433 1932 518 2034 ἦν
546 1944 714 2011 κατὰ
760 1943 877 2011 τὸν
923 1943 1319 2032 σοφώτατον
1351 1936 1757 2031 Εὐριπίδην,
1804 1943 1863 2009 εἰ
1910 1943 2061 2026 δίχα
2103 1947 2220 2029 τῆς
2262 1943 2435 2030 πρὸς
2477 1970 2591 2029 γυ-

441 2061 672 2126 ναῖκας
728 2041 1008 2113 συνόδου
1075 2050 1443 2134 φοιτῶντες
1509 2045 1627 2112 ἐπὶ
1686 2044 1831 2132 ἱερὰ
1886 2049 1999 2113 καὶ
2056 2045 2251 2124 ναοὺς
2309 2040 2594 2132 ἀργύρου

440 2152 550 2216 καὶ
603 2151 852 2233 χρυσοῦ
892 2154 1081 2214 τέκνα
1125 2143 1294 2233 ὑπὲρ
1339 2151 1458 2235 τῆς
1510 2147 1820 2234 διαδοχῆς
1866 2146 2286 2231 ἒωνούμεθα·
2349 2141 2594 2235 ἀνάγκη

441 2250 568 2337 γὰρ
623 2248 833 2336 βαρὺν
889 2242 1038 2315 κατ’
1101 2241 1389 2332 αὐχένων
1450 2246 1639 2334 ζυγὸν
1692 2245 1851 2338 ἡμῖν
1912 2248 2239 2316 ἐπιθεῖσα
2294 2263 2438 2326 τοῖς
2488 2276 2598 2316 κε-

446 2355 827 2436 λευομένοις
870 2356 1270 2437 πειθαρχεῖν
1311 2351 1635 2435 βιάζεται.
1722 2351 1799 2418 τὸ
1831 2353 1953 2436 μὲν
1985 2338 2101 2419 οἶν
2142 2349 2344 2418 καλὸν
2391 2351 2600 2435 αἱρώ-

445 2459 630 2537 μεθα
674 2469 817 2532 τοῖς
875 2456 1246 2540 λογισμοῖς,
1309 2453 1537 2520 εἰκέτω
1596 2454 1668 2520 δὲ
1725 2457 1809 2541 τῇ
1855 2451 2096 2542 ἀνάγκῃ
2142 2453 2217 2520 τὸ
2262 2454 2600 2540 χρειῶδες.

449 2552 600 2642 ἄχρι
651 2561 892 2623 τέκνων
946 2569 1246 2642 γυναῖκες
1303 2555 1603 2642 ἀριθμὸς
1662 2556 1993 2637 ἔστωσαν,
2054 2556 2121 2622 έν
2172 2557 2245 2622 δὲ
2288 2569 2431 2634 τοῖς
2479 2551 2600 2620 άλ-
2618 2569 2705 2617 440
2746 2587 2748 2590 <

451 2662 594 2737 λοις
639 2683 877 2745 απαγε,
923 2658 1012 2746 μή
1043 2683 1163 2741 μοι
1204 2663 1484 2745 γένοιτο.
1574 2665 1678 2736 τίς
1720 2657 1845 2745 γὰρ
1893 2685 1973 2725 αν
2020 2683 2089 2724 ευ
2135 2660 2403 2747 φρονῶν
2451 2651 2603 2723 άνέ-

447 2765 694 2842 χεσθαι
727 2759 996 2827 δύναιτο
1045 2758 1117 2838 ἐξ
1157 2760 1453 2828 εωθινοῦ
1487 2759 1794 2847 γυναικὸς
1838 2756 2283 2849 ῶραῑζομένης
2329 2758 2604 2848 ἐπικτή-

451 2885 593 2939 τοις
651 2869 1098 2949 σοφίσμασιν,
1162 2858 1240 2951 ἧς
1296 2859 1331 2930 6
1400 2865 1521 2947 μὲν
1568 2863 1846 2951 άληθῶς
1894 2861 2225 2948 χαρακτὴρ
2272 2887 2604 2949 αμορφος,

453 2957 796 3047 ἀλλότριοι
855 2964 930 3029 δὲ
983 2964 1224 3049 κόσμοι
1279 2965 1355 3033 τὸ
1404 2969 1523 3053 τῆς
1580 2965 1845 3054 φύσεως
1888 2959 2191 3051 ἀπρεπὲς
2244 2966 2609 3048 βουκολοῦ-

349 3074 426 3130 89
459 3086 585 3132 σιν.
677 3071 780 3134 39.
839 3065 899 3132 εἰ
954 3069 1110 3153 γοῦν
1157 3060 1294 3134 άπὸ
1343 3071 1461 3158 τῆς
1505 3073 1811 3154 νυκτέρου
1855 3075 2080 3155 κοίτης
2122 3065 2297 3152 πρὸς
2352 3062 2613 3152 ορθρον

455 3166 594 3235 ἰ’δοι
650 3192 756 3246 τις
817 3161 1259 3253 ἀνισταμένας
1313 3183 1658 3256 γυναῖκας,
1728 3168 1969 3253 αἰσχίω
2029 3176 2289 3252 νομίσει
2344 3175 2613 3256 θηρίων

453 3272 589 3337 τῶν
655 3274 922 3357 πρωΐας
987 3266 1165 3358 ὥρας
1229 3266 1699 3361 ὀνομασθῆναι
1769 3273 2366 3360 δυσκληδονίστων·
2443 3264 2613 3337 ὅθεν

458 3365 744 3456 ἀκριβῶς
812 3372 984 3440 οἴκοι
1048 3379 1523 3462 καθείργουσιν
1591 3371 1796 3453 αὑτὰς
1852 3368 2072 3441 οὐδενὶ
2128 3377 2263 3439 τῶν
2320 3366 2615 3458 ἀρρένων

455 3475 907 3557 βλεπομένας·
973 3478 1170 3561 γρᾶες
1238 3477 1310 3543 δὲ
1369 3481 1481 3545 καὶ
1547 3477 2061 3562 θεραπαινίδων
2120 3469 2154 3540 6
2216 3474 2619 3561 σύμμορφος

459 3571 653 3657 ὄχλος
711 3575 780 3643 ἐν
833 3576 1046 3664 κύκλῳ
1103 3583 1501 3665 περιεστᾶσι
1567 3582 1903 3658 ποικίλοις
1970 3576 2350 3666 φαρμάκοις
2412 3601 2619 3642 κατα-

463 3677 1010 3765 φαρμακεύουσαι
1072 3679 1156 3747 τὰ
1233 3682 1516 3771 δυστυχῆ
1589 3681 1960 3768 πρόσωπα·
2035 3673 2112 3746 οὗ
2175 3677 2301 3765 γὰρ
2373 3669 2620 3754 ῧδατος

465 3775 729 3867 ἀκράτῳ
789 3783 1034 3864 νάματι
1085 3782 1200 3851 τὸν
1260 3780 1557 3872 ὖπνηλὸν
1603 3777 2117 3869 άπονιψάμεναι
2162 3779 2365 3865 κάρον
2412 3772 2623 3856 εὐθὺς

466 3873 798 3950 ἅπτονται
839 3885 1101 3973 σπουδῇ
1149 3884 1476 3970 ἐχομένως
1518 3886 1611 3970 (†)
1656 3884 1841 3963 τινὸς
1885 3884 2292 3970 πράγματος,
2342 3874 2493 3947 ἀλλ’
2548 3881 2622 3947 αἱ

467 3985 716 4054 πολλαὶ
759 3989 892 4052 τῶν
936 3987 1428 4072 διαπασμάτων
1473 3993 1823 4065 συνθέσεις
1864 3985 1981 4053 τὸν
2028 3981 2196 4073 ἀηδῆ
2238 3985 2359 4052 τοῦ
2400 4006 2625 4070 προσ-
