2750 4534
409 257 486 314 12
1290 257 1695 323 [mmmm]

407 426 585 506 λίαις
628 419 1018 513 ἠρκούμεθα
1061 429 1171 494 καὶ
1218 425 1476 504 παντὸς
1520 420 1819 505 ὀνείδους
1864 424 1899 494 6
1932 433 2081 512 βίος
2129 426 2557 511 ἓκαθάρευεν.

407 524 643 613 ἀμέλει
687 528 876 616 παρὰ
934 543 1079 608 τοῖς
1123 523 1313 596 οὐδὲν
1371 528 1441 595 ἐκ
1485 533 1785 617 πονηρᾶς
1831 530 2209 608 διαθέσεως
2252 555 2562 616 παραχα-

408 629 608 712 ράξαι
653 629 1042 714 δυναμένοις
1088 629 1283 717 ζῴοις
1329 625 1653 714 ἄχραντος
1705 627 1747 719 ἡ
1794 634 1912 719 τῆς
1957 624 2227 718 φύσεως
2268 637 2561 715 νομοθε-

408 739 525 800 σία
570 732 1008 821 φυλάττεται·
1072 733 1331 811 λέοντες
1380 727 1497 800 οὒκ
1542 732 2016 817 ἐπιμαίνονται
2062 735 2348 813 λέουσιν,
2402 725 2555 798 ἄλλ’

404 832 442 923 ἡ
489 834 658 903 κατὰ
719 834 952 920 καιρὸν
988 828 1360 923 Ἀφροδίτη
1423 834 1597 920 πρὸς
1650 834 1728 903 τὸ
1777 837 1953 924 θῆλυ
2011 835 2130 925 τὴν
2177 831 2394 920 ὄρεξιν
2441 829 2560 902 αὗ-

403 943 536 1004 τῶν
597 937 997 1005 ἐκκαλεῖται·
1063 941 1304 1024 ταῦρος
1377 931 1742 1027 ἇγελάρχης
1794 941 2030 1022 βουσὶν
2089 937 2559 1024 ἐπιθόρνυται,

405 1043 518 1106 καὶ
559 1039 746 1125 κριὸς
806 1032 967 1127 ὅλην
1021 1038 1140 1126 τὴν
1185 1045 1479 1128 ποίμνην
1538 1035 1814 1126 ἄρρενος
1858 1042 2107 1128 πληροῖ
2152 1044 2561 1124 σπέρματος.

403 1149 471 1209 τί
516 1143 624 1225 δέ,·
683 1136 758 1208 οὗ
809 1145 984 1209 συῶν
1040 1143 1161 1226 μὲν
1207 1136 1403 1220 εὗνᾶς
1444 1142 1936 1227 μεταδιώκουσι
1986 1141 2277 1226 κάπροις
2334 1145 2565 1210 λυκαί·

405 1269 550 1322 ναις
609 1237 674 1309 δ’
728 1243 1195 1330 ἐπιμίγνυνται
1242 1244 1469 1329 λύκοις
1527 1245 1829 1312 καθόλου
1876 1239 1943 1312 δ’
1998 1245 2233 1326 εἰπεῖν,
2282 1241 2443 1312 οὔθ’
2496 1247 2562 1313 οἱ

402 1342 595 1432 ἀέρια
626 1346 1000 1434 ῥοιζοῦντες
1032 1342 1257 1433 ὄρνεις
1287 1341 1450 1414 οὔθ·>
1503 1339 1632 1414 ὅσα
1675 1345 1795 1434 τὴν
1826 1343 2029 1434 ὑγρὰν
2073 1341 2258 1428 [καθ’
2298 1346 2565 1428 ὕδατος]

409 1447 624 1535 ε’ίληχε
668 1448 870 1537 λῆξιν,
921 1441 1071 1514 ἄλλ’
1125 1441 1266 1514 ουδ’
1320 1447 1439 1514 ἐπὶ
1481 1451 1599 1536 γῆς
1641 1475 1709 1515 τι
1755 1448 1923 1535 ζῴον
1968 1473 2244 1534 αρρενος
2287 1445 2561 1533 ὁμιλίας

409 1549 784 1638 επωρέχθη,
842 1554 1029 1633 μένει
1089 1550 1162 1617 δὲ
1206 1544 1486 1638 ακίνητα
1544 1554 1663 1636 τῆς
1721 1557 2047 1635 προνοίας
2102 1549 2187 1616 τὰ
2234 1551 2557 1635 δόγματα.

407 1647 594 1734 ὑμεῖς
640 1646 726 1731 δ’,
788 1679 840 1716 w
887 1651 1102 1741 μάτην
1148 1650 1264 1718 ἐπὶ
1309 1655 1407 1738 τῷ
1452 1665 1725 1740 φρονεῖν
1771 1647 2267 1738 ευλογούμενοι,
2312 1657 2561 1740 θηρίον

409 1750 502 1832 ῶς
546 1747 822 1841 άληθῶς
868 1755 1154 1842 φαῦλον,
1213 1749 1609 1840 ἅνθρωποι,
1668 1760 1804 1821 τίνι
1845 1758 2039 1842 καινῇ
2100 1754 2276 1840 νόσῳ
2335 1780 2561 1840 παρα-

407 1855 814 1943 νομήσαντες
873 1855 989 1922 ἐπὶ
1031 1854 1154 1944 τὴν
1195 1849 1346 1921 κατ’
1402 1849 1705 1944 ἆλλήλων
1750 1849 1939 1941 υβριν
1982 1849 2357 1943 ἠρέθισθε,·
2406 1862 2563 1923 τίνα

406 1961 524 2050 τῆς
553 1961 770 2044 ψυχῆς
815 1957 1072 2045 τυφλὴν
1105 1950 1563 2046 ἀναισθησίαν
1591 1964 2027 2041 καταχέαντες
2073 1952 2327 2045 ἀμφοῖν
2357 1951 2561 2045 ἧστο-

403 2058 646 2149 χήκατε
704 2059 1062 2147 φεύγοντες
1121 2057 1163 2124 ἃ
1211 2059 1476 2127 διώκειν
1536 2060 1673 2128 ἔδει
1728 2062 1840 2127 καὶ
1886 2059 2236 2139 διώκοντες
2294 2053 2415 2148 ἀφ’
2469 2053 2562 2126 ῶν

410 2162 547 2230 ἔδει
592 2161 858 2250 φεύγειν
873 2192 896 2246 ,·
950 2164 1064 2228 καὶ
1105 2157 1272 2228 καθ’
1337 2160 1451 2228 ἕνα
1494 2165 1774 2230 τοιαῦτα
1820 2161 2051 2251 ζηλοῦν
2097 2162 2369 2229 πάντων
2412 2161 2563 2230 ἕλο-

305 2273 382 2328 23
416 2269 630 2348 μένων
688 2258 840 2331 οὐδὲ
901 2263 996 2342 εἷς
1041 2264 1250 2331 ἔσται.
1340 2269 1445 2333 23.
1494 2258 1663 2331 ἀλλὰ
1719 2264 1843 2352 γὰρ
1890 2265 2185 2332 ἐνταῦθα
2228 2278 2369 2344 τοῖς
2412 2272 2561 2331 Σω-

409 2381 744 2453 κρατικοῑς
802 2362 837 2434 6
884 2365 1284 2450 θαυμαστὸς
1330 2359 1707 2455 ἀναφύεται
1750 2367 1977 2451 λόγος,
2025 2364 2147 2456 ὕφ’
2198 2361 2276 2434 οὗ
2320 2368 2555 2436 παιδι-
2576 2379 2660 2430 423

407 2471 518 2536 καὶ
576 2469 697 2552 μὲν
757 2461 954 2536 άκοαὶ
1019 2471 1291 2536 τελείων
1353 2467 1600 2548 ἐνδεεῖς
1665 2471 2001 2555 λογισμῶν
2060 2470 2555 2558 φενακίζονται·

406 2569 482 2637 τὸ
531 2563 592 2636 δ’
642 2566 770 2660 ἤδη
802 2569 970 2638 κατὰ
1014 2571 1339 2660 φρόνησιν
1371 2571 1468 2650 εἰς
1512 2567 1711 2658 άκρον
1758 2572 1904 2654 ἕχον
1950 2565 2068 2638 οὒκ
2111 2599 2194 2637 αν
2244 2569 2557 2660 ὑπαχθῆ-

409 2699 521 2741 ναι
567 2673 871 2741 δύναιτο·
932 2677 1147 2761 ψυχῆς
1199 2673 1324 2761 γὰρ
1385 2674 1600 2759 ἔρωτα
1656 2673 2072 2740 πλάττονται
2128 2677 2239 2741 καὶ
2294 2674 2370 2741 τὸ
2434 2679 2557 2742 τοῦ

410 2777 720 2859 σώματος
787 2801 1125 2863 ευμορφον
1193 2776 1580 2861 αιδούμενοι
1630 2778 1873 2864 φιλεῖν
1940 2769 2177 2865 ἀρετῆς
2242 2779 2559 2870 καλοῦσιν

411 2874 651 2956 αὖτοὺς
709 2877 1012 2964 ἐραστάς.
1103 2872 1220 2966 ἐφ’
1275 2878 1376 2955 οἷς
1434 2905 1553 2962 μοι
1599 2879 1922 2956 πολλάκις
1970 2879 2312 2965 καγχάζειν
2359 2877 2557 2965 ἐπέρ-

404 3004 610 3062 χεται.
686 2987 754 3047 τί
782 2978 908 3067 γὰρ
953 2979 1320 3062 παθόντες,
1369 2966 1422 3045 ῶ
1457 2983 1688 3063 σεμνοὶ
1735 2980 2127 3070 φιλόσοφοι,
2173 2981 2249 3049 τὸ
2282 2983 2402 3065 μὲν
2432 2977 2557 3070 ἤδη

407 3085 639 3167 μακρῷ
689 3081 906 3167 χρόνῳ
969 3072 1256 3158 δεδωκός
1322 3081 1560 3147 ἑαυτοῦ
1618 3095 1861 3168 πεῖραν
1918 3078 2163 3151 ὁποῖόν
2222 3081 2433 3165 ἐστιν,
2502 3078 2559 3170 ᾦ

410 3183 621 3250 πολιὰ
666 3184 1098 3274 προσήκουσα
1155 3186 1266 3251 καὶ
1309 3188 1516 3273 γῆρας
1574 3178 1815 3271 ἀρετὴν
1857 3199 2208 3271 μαρτυρεῖ,
2271 3181 2363 3252 δι’
2415 3184 2561 3254 ὀλι-

407 3293 654 3373 γωρίας
699 3291 1220 3372 παραπέμπετε,
1266 3289 1405 3364 πᾶς
1450 3285 1522 3352 δὲ
1567 3282 1600 3352 ὅ
1653 3285 1869 3374 σοφὸς
1913 3286 2079 3374 ε’ρως
2124 3286 2240 3355 ἐπὶ
2285 3288 2360 3355 τὸ
2410 3293 2559 3356 νέον

411 3389 768 3478 επτόηται,
826 3389 1112 3477 μηδέπω
1155 3392 1288 3455 τῶν
1334 3392 1671 3474 λογισμῶν
1716 3413 1785 3456 εν
1831 3382 2045 3476 αυτῷ,
2093 3389 2264 3476 πρὸς
2310 3418 2352 3456 α
2397 3417 2561 3478 τρα-

409 3493 772 3582 πήσονται,
839 3498 1058 3578 κρίσιν
1125 3490 1443 3576 ἒχόντων;
1514 3481 1555 3580 ἢ
1624 3491 1827 3576 νόμος
1892 3490 2069 3568 ἐστί,
2142 3496 2371 3558 πᾶσαν
2437 3494 2563 3577 μὲν

411 3589 753 3682 άμορφίαν
810 3599 1140 3682 πονηρίας
1197 3591 1370 3660 εἶναι
1427 3594 1853 3679 κατάκριτον,
1916 3588 2083 3660 ευθυ
2143 3588 2206 3660 δ’
2258 3590 2350 3673 ὥς
2394 3589 2560 3682 ἆγα-

408 3695 542 3764 θὸν
604 3698 1044 3763 ἐπαινεῖσθαι
1100 3693 1216 3762 τὸν
1266 3695 1500 3774 καλόν;
1561 3689 1731 3762 αλλά
1790 3721 1900 3762 τοι
1956 3695 2124 3762 κατὰ
2181 3695 2297 3764 τὸν
2350 3701 2559 3783 μέγαν

413 3797 741 3886 ἀληθείας
783 3797 1137 3887 προφήτην
1167 3790 1461 3885 (Όμηρον
1506 3829 1521 3844 ·

666 3896 844 3978 εἶδός
888 3924 992 3979 τις
1039 3893 1462 3984 ἀκιδνότερος
1505 3903 1699 3967 πέλει
1746 3894 1927 3990 άνήρ,

498 3996 667 4068 ἀλλὰ
712 4001 879 4080 θεὸς
922 4001 1190 4091 μορφὴν
1236 4002 1430 4070 ἔπεσι
1477 4007 1730 4090 στέφει,
1778 4004 1844 4069 οἱ
1891 4004 1964 4068 δέ
2006 3995 2071 4068 τ’
2124 4001 2191 4080 ἐς
2237 3996 2439 4069 αὐτὸν
