2750 4534
890 301 1172 355 ΤΟΞΔΡΙΣ
1204 301 1250 354 H
1285 301 1487 356 ΦΙΔΙΔ.
1652 335 1655 338 -
2213 303 2295 360 65

13 481 101 533 531
132 473 298 538 λιπε
357 483 502 548 τοῖς
555 472 678 555 μὲν
724 465 955 549 ἄλλοις
1011 472 1179 548 ἰ’σως
1222 472 1520 556 γελοίας,
1584 473 1692 537 σοὶ
1753 471 1825 538 δὲ
1871 464 1987 538 οῦκ
2032 468 2187 540 οἶδα
2232 474 2295 540 εἰ

117 577 438 641 τοιαῦται
496 573 806 652 δόξουσιν
853 566 1048 660 ἀνδρὶ
1093 567 1340 659 ἀγαθῷ
1396 577 1510 641 καὶ
1558 575 1796 662 φιλίαν
1852 577 2131 655 τιμῶντι
2176 579 2288 642 καὶ

119 677 287 761 περὶ
332 679 466 769 τῶν
511 674 581 742 ἐν
612 669 780 763 αὐτῇ
824 682 1183 760 πρωτείων
1228 671 1704 762 ἁμιλλωμένῳ·
1751 674 2117 765 ἐγέγραπτο
2160 677 2289 763 γὰρ

119 777 190 845 ἐν
246 772 497 859 αὐταῖς,
537 772 938 846 Ἀπολείπω
974 773 1301 866 Ἀρεταίῳ
1345 778 1469 862 μὲν
1511 777 1632 866 τὴν
1670 782 1923 866 μητέρα
1966 805 2093 863 μου
2140 784 2289 864 τρέ-

121 904 282 967 φειν
339 883 452 948 καὶ
509 893 948 967 γηρωκομεῖν,
1018 879 1372 1004 Χαριξένῳ
1442 879 1516 946 δὲ
1574 877 1697 966 τὴν
1749 883 2092 966 θυγατέρα
2157 907 2285 965 μου

123 982 432 1049 ἐκδοῦναι
488 982 656 1067 μετὰ
716 981 1029 1070 προικός,
1065 978 1367 1102 ὁπόσην
1423 1008 1509 1048 αν
1553 983 1878 1069 πλείστην
1936 980 2290 1051 ἐπιδοῦναι

123 1077 298 1168 παρ’
356 1080 558 1151 αὑτοῦ
603 1083 879 1173 δύνηται
924 1122 1005 1134 —-
1048 1069 1130 1171 ἦν
1176 1084 1250 1152 δὲ
1281 1077 1466 1172 αὖτῷ
1508 1087 1616 1152 καὶ
1662 1084 1881 1174 μήτηρ
1926 1089 2291 1173 πρεσβῦτις

124 1189 240 1252 καὶ
277 1185 649 1273 θυγάτριον
692 1183 940 1274 ῶραῑον
984 1181 1109 1275 ἤδη
1153 1185 1371 1273 γάμου
1416 1223 1499 1235 -
1544 1177 1623 1274 ἢν
1669 1187 1745 1254 δέ
1786 1213 1853 1256 τι
1885 1180 2122 1272 άτερος
2171 1182 2291 1254 αὗ-

124 1290 260 1353 τῶν
305 1285 376 1354 ἐν
421 1287 720 1374 τοσούτῳ
766 1287 1000 1377 πάθῃ,
1062 1291 1176 1356 καὶ
1217 1287 1340 1374 τὴν
1387 1287 1671 1368 ἐκείνου,
1720 1296 1962 1376 φησίν,
2026 1290 2289 1376 μερίδα,

123 1388 327 1472 ἐχέτω
392 1386 426 1456 ὃ
481 1389 720 1478 ἕτερος.
808 1390 1065 1457 τούτων
1121 1384 1693 1476 ἀναγνωσθεισῶν
1748 1393 1883 1457 τῶν
1942 1390 2291 1478 διαθηκῶν

123 1491 190 1558 οἱ
234 1491 358 1578 τὴν
400 1499 643 1560 πενίαν
687 1493 810 1576 μὲν
855 1492 1111 1572 εἰδότες
1155 1495 1276 1560 τοῦ
1323 1486 1693 1577 Εὐδαμίδα,
1741 1490 1865 1578 τὴν
1908 1495 2148 1581 φιλίαν
2195 1495 2288 1573 δέ,

119 1592 161 1678 ἢ
206 1593 384 1680 πρὸς
443 1592 603 1672 τοῦς
661 1592 907 1680 ἄνδρας
963 1581 1043 1684 ἦν
1089 1589 1302 1681 αὐτῷ,
1366 1588 1755 1681 ἀγνοοῦντες
1799 1593 1869 1661 ἐν
1913 1596 2165 1684 παιδιᾷ
2209 1595 2287 1663 τὸ

124 1699 399 1783 πρᾶγμα
445 1695 798 1764 ἐποιοῦντο
843 1699 958 1764 καὶ
1002 1691 1222 1775 οὐδεὶς
1266 1689 1457 1775 ὅστις
1502 1689 1578 1764 οὗ
1610 1699 1820 1783 γελῶν
1867 1691 2290 1785 ἀπηλλάττε-

121 1823 228 1879 το,
291 1797 436 1865 οἶον
484 1791 830 1884 Ἀρεταῖος
884 1802 994 1867 καὶ
1056 1799 1431 1886 Χαρίξενος
1486 1800 1554 1867 οἱ
1610 1793 1995 1882 εὐδαίμονες
2048 1802 2289 1886 κλῆρον

125 1899 582 1985 διαδέξονται,
641 1904 969 1987 λέγοντες,
1033 1901 1227 1986 ε’ίπερ
1280 1895 1727 1968 ἀποτίσουσιν
1771 1894 2121 1989 Εὐδαμίδᾳ
2176 1904 2288 1969 καὶ

125 2003 364 2082 ζῶντες
423 1996 617 2070 αὐτοὶ
674 2003 1285 2092 κληρονομήσονται
1343 1999 1478 2071 ὑπὸ
1543 2007 1663 2070 τοῦ
1716 2007 1965 2090 νεκροῦ.
2054 2009 2157 2074 23.
2219 2005 2286 2071 οἱ
2316 2021 2395 2080 28

122 2106 522 2195 κληρονόμοι
568 2108 662 2188 δέ,
709 2107 812 2186 οἶς
839 2111 1052 2175 ταῦτα
1096 2109 1592 2189 κατελέλειπτο,
1640 2103 1730 2186 ὥς
1773 2102 2081 2226 ἥκουσαν,
2128 2101 2287 2196 ἧκον

17 2202 338 2286 532εῦθῦς
383 2208 769 2286 διαιτῶντες
795 2207 880 2276 τὰ
927 2208 996 2276 ἐκ
1039 2211 1172 2276 τῶν
1219 2208 1585 2298 διαθηκῶν.
1661 2204 1695 2275 ὅ
1743 2209 1864 2293 μὲν
1910 2194 2027 2276 οῦν
2064 2214 2290 2295 Χαρί-

123 2311 310 2388 ξενος
358 2316 560 2377 πέντε
601 2306 813 2395 μόνας
856 2307 1105 2400 ἡμέρας
1151 2311 1461 2396 ἐπιβιοὺς
1508 2305 1665 2379 ἇπέ
1661 2316 1878 2393 θανεν,
1924 2307 1960 2377 ὃ
1997 2311 2069 2378 δὲ
2094 2304 2289 2399 Ἀρε-

119 2428 315 2491 ταῖος
376 2408 650 2498 ἄριστος
712 2414 1138 2502 κληρονόμων
1189 2413 1542 2500 γενόμενος
1603 2413 1725 2502 τήν
1784 2437 1857 2478 τε
1914 2409 2118 2479 αὑτοῦ
2175 2439 2288 2480 και

117 2515 241 2604 τὴν
289 2514 540 2583 ἐκείνου
600 2515 844 2602 μερίδα
890 2517 1304 2604 παραλαβών
1361 2520 1598 2603 τρέφει
1654 2541 1728 2582 τε
1768 2517 1890 2580 τοῦ
1936 2511 2288 2597 Εὐδαμίδα

121 2616 244 2705 τὴν
286 2621 543 2704 μητέρα
584 2621 697 2684 καὶ
741 2616 861 2707 τὴν
906 2622 1249 2704 θυγατέρα
1293 2611 1371 2684 οῦ
1422 2616 1553 2702 πρὸ
1606 2617 1864 2683 πολλοῦ
1909 2615 2285 2697 ἐκδέδωκεν,

120 2714 263 2786 ἆπὸ
297 2719 645 2788 ταλάντων
693 2724 894 2786 πέντε
938 2714 1031 2787 ῶν
1077 2716 1210 2802 εἶχε
1255 2719 1372 2787 δύο
1419 2720 1542 2804 μὲν
1585 2722 1667 2807 τῇ
1705 2717 1944 2784 εαυτοῦ
1972 2722 2285 2804 θυγατρί,

118 2821 242 2888 δύο
290 2821 364 2888 δὲ
392 2825 477 2909 τῇ
513 2825 633 2888 τοῦ
665 2823 868 2910 φίλου
897 2821 1190 2905 ἐπιδούς,
1237 2825 1348 2890 καὶ
1378 2820 1497 2888 τὸν
1527 2820 1742 2907 γάμον
1784 2845 1859 2907 γε
1890 2813 2121 2888 αῦτοῑν
2166 2820 2283 2889 ἐπὶ

115 2927 286 3007 μιᾶς
329 2918 581 3012 ἡμέρας
627 2917 872 3011 ἠξίωσε
913 2929 1254 3010 γενέσθαι.
1327 2931 1398 2991 τί
1444 2945 1555 2991 σοι
1586 2923 1783 3004 δοκεῖ,
1831 2909 1886 2988 ῶ
1928 2922 2198 3007 Τόξαρι,
2246 2924 2281 2990 ὁ

108 3021 469 3111 Ἀρεταῖος
526 3051 756 3109 ουτος,·
813 3051 944 3114 αρα
989 3027 1247 3114 φαῦλον
1307 3025 1738 3153 παράδειγμα
1794 3027 2030 3113 φιλίας
2073 3050 2287 3108 παρε-

117 3131 428 3214 σχῆσθαι
469 3131 772 3195 τοιαῦτα
794 3127 1294 3217 κληρονομήσας
1336 3130 1448 3195 καὶ
1492 3127 1580 3214 μὴ
1629 3127 1924 3213 προδοὺς
1968 3125 2091 3204 τὰς
2135 3127 2287 3194 δια-

115 3230 343 3315 θήκας
385 3232 505 3296 τοῦ
549 3231 791 3317 φίλους
839 3219 882 3319 ἢ
925 3235 1206 3314 τίθεμεν
1249 3233 1364 3298 καὶ
1406 3232 1646 3297 τοῦτον
1692 3254 1760 3296 εν
1804 3241 1952 3306 ταῖς
1994 3231 2285 3306 τελείαις

115 3332 392 3420 ψήφοις
435 3337 598 3414 μίαν
639 3335 776 3399 τῶν
821 3337 1024 3399 πέντε
1069 3328 1276 3416 εἶναις

301 3435 506 3506 ΤΟΞ.
583 3436 721 3501 Καὶ
765 3427 961 3512 οὗτος
1003 3433 1125 3518 μὲν
1169 3435 1420 3512 καλῶς·
1470 3431 1595 3518 ἐγὼ
1642 3431 1713 3498 δὲ
1748 3429 1867 3498 τὸν
1900 3424 2286 3513 Εὐδαμίδαν

117 3533 299 3602 πολὺ
359 3537 617 3619 μᾶλλον
675 3534 1036 3620 ἐθαύμασα
1095 3539 1216 3602 τοῦ
1264 3534 1601 3622 θάρσους,
1662 3532 1699 3600 ὃ
1747 3529 1917 3616 εἶχεν
1974 3530 2086 3598 ἐπὶ
2141 3545 2287 3610 τοῖς

118 3641 373 3724 φίλοις.
453 3636 687 3726 εδήλου
737 3636 862 3723 γὰρ
923 3633 1016 3716 ῶς
1059 3639 1170 3704 καὶ
1218 3631 1420 3716 αὐτὸς
1477 3663 1559 3703 αν
1603 3633 1688 3702 τὰ
1733 3660 1939 3719 ομοια
1997 3633 2283 3719 επραξεν

119 3733 235 3806 ἐπ’
293 3733 550 3820 αὐτοῖς,
608 3739 668 3806 εἰ
724 3739 814 3829 μὴ
868 3742 980 3809 καὶ
1041 3739 1108 3808 ἐν
1154 3739 1516 3863 διαθήκαις
1568 3741 1779 3805 ταῦτα
1825 3735 2283 3824 ενεγέγραπτο,

121 3835 294 3908 ἀλλὰ
345 3839 478 3923 πρὸ
536 3844 671 3908 τῶν
717 3837 938 3909 άλλων
993 3835 1145 3930 ἧκεν
1206 3869 1286 3908 αν
1333 3838 1639 3928 α’γραφος
1694 3839 2101 3927 κληρονόμος
2150 3843 2285 3906 τῶν

119 3943 466 4010 τοιούτων.

33 4037 107 4090 ⁸⁸3
295 4051 399 4112 24.
449 4050 746 4112 ΜΝΗΣ.
812 4031 906 4112 Εῦ
951 4048 1179 4132 λέγεις.
1247 4049 1565 4131 τέταρτον
1611 4043 1685 4110 δέ
1715 4065 1826 4112 σοι
1857 4044 2279 4134 διηγήσομαι,
2309 4059 2391 4116 24

221 4155 322 4198 Luc
323 4154 476 4200 i.an11
505 4153 545 4199 2
