2750 4534
463 221 540 278 16
1341 218 1645 284 [ΔΟΥΚΙΔΝ
1647 218 1748 281 ΟΥ]

457 396 599 458 Δία
631 388 1002 508 φαρμάκων
1036 383 1589 476 ἆγωνιζόμενος(
1540 391 1917 514 υπερφυῶς
1963 386 2380 478 ἐπαθηνατο.
2468 415 2615 456 και-

459 491 574 578 ρὸς
633 517 746 557 ουν
804 486 838 557 ὅ
899 495 1045 572 νῦν,
1106 490 1172 557 εἴ
1222 515 1393 556 ποτε
1450 491 1561 556 καὶ
1618 488 1979 575 πρότερον,
2042 483 2322 557 άπαιτεῑ
2371 513 2445 557 σε
2493 489 2615 568 τὰς

449 587 783 680 Ἀθήνας,
851 594 1242 680 Περίκλειον
1308 592 1381 659 δὲ
1448 589 1680 658 πειθώ
1738 594 1850 658 καὶ
1900 595 2036 658 τῶν
2103 592 2261 658 δέκα
2319 592 2617 682 ῥητόρων

455 695 576 774 τὰς
619 694 1011 762 Μακεδόσιν
1071 687 1643 776 ἇνθωπλισμένας
1702 692 2010 780 γλώσσας
2054 692 2123 760 ἐν
2180 693 2327 781 [ἐνὶ]
2374 698 2471 782 τῷ
2518 691 2617 781 σῷ

457 796 633 884 λόγῳ
702 798 806 864 δεῖ
871 797 1255 882 διαπρέψαι
1320 799 1482 880 μιᾶς
1554 798 1686 862 τῶν
1760 794 1828 862 ἐν
1900 799 2116 863 Πνυκὶ
2192 759 2616 885 δημηγοριῶν

455 893 981 985 άναμνησθέντι.

345 1009 426 1066 30
633 1006 732 1068 30.
820 997 1090 1085 Μικρὸν
1136 1024 1251 1066 ουν
1298 996 1590 1082 ἐπισχών
1636 995 1669 1065 ὅ
1718 999 2379 1084 Καλλικρατίδας-
2426 998 2617 1086 ἐῴκει

454 1102 526 1168 δὲ
587 1094 723 1168 άπὸ
772 1104 891 1168 τοῦ
937 1101 1310 1187 προσώπου
1357 1126 1476 1184 μοι
1521 1106 2021 1186 τεκμαιρομένῳ
2065 1104 2179 1168 καὶ
2240 1103 2390 1168 λίαν
2438 1093 2616 1187 ἇγω-

454 1209 599 1280 νίας
640 1202 888 1286 μεστὸς
936 1199 1108 1269 εἶναι
1152 1241 1238 1249 -
1283 1202 1497 1290 λόγων
1544 1197 1922 1287 ἀμοιβαίων
1968 1202 2344 1290 ἐνάρχεται·
2374 1203 2455 1270 Εἰ
2499 1229 2615 1289 γυ-

452 1305 681 1425 ναιξὶντ
725 1304 1036 1393 ἐκκλησία
1093 1308 1205 1372 καὶ
1265 1304 1659 1391 6cxa6‘crqta
1714 1308 1827 1372 καὶ
1886 1307 2250 1373 πολιτικῶν
2296 1305 2611 1391 πραγμά-

450 1433 583 1472 των
641 1392 720 1493 ῆν
778 1413 1134 1492 μετουσία,
1196 1406 1561 1494 στρατηγὸς
1622 1434 1703 1473 αν
1751 1397 1795 1495 ἢ
1841 1407 2227 1496 προστάτης
2288 1407 2610 1493 ἐκεχειρο-

455 1509 700 1597 τόνησο
757 1516 871 1576 καί
928 1532 1003 1575 σε
1054 1510 1313 1592 χαλκῶν
1375 1503 1788 1595 ἀνδριάντων
1846 1510 1917 1576 ἐν
1976 1524 2126 1587 ταῖς
2184 1504 2493 1595 ἀγοραῖς,
2556 1507 2607 1574 ώ

450 1613 845 1734 Χαρίκλεις,
908 1610 1172 1694 ἐτίμων.
1263 1610 1495 1693 σχεδὸν
1546 1609 1705 1698 γὰρ
1700 1605 1872 1678 ουδὲ
1920 1605 2117 1679 αυταὶ
2162 1615 2323 1695 περὶ
2366 1609 2590 1678 αυτῶν

451 1711 710 1781 ὁπόσαι
752 1739 1066 1799 προυχειν
1110 1712 1275 1780 κατὰ
1325 1719 1576 1800 σοφίαν
1623 1712 1909 1794 ἐδόκουν,
1958 1714 2023 1780 εἴ
2063 1738 2166 1792 τις
2212 1709 2444 1792 αυταῖς
2488 1712 2610 1803 τὴν
2655 1782 2662 1787 ,

450 1820 569 1882 τοῦ
625 1820 837 1901 λέγειν
897 1815 1203 1894 ἐξουσίαν
1263 1815 1536 1904 ἐφῆκεν,
1596 1816 1769 1883 οὕτω
1827 1815 1995 1900 μετὰ
2043 1817 2338 1906 σπουδῆς
2384 1807 2463 1885 ὃν
2513 1815 2699 1884 ›sl-431

449 1943 614 2000 πον,
675 1912 788 2000 οὐχ
846 1914 885 2006 ἡ
949 1917 1414 2003 Σπαρτιάταις
1471 1912 1997 2007 ἆνθωπλισμένη
2052 1921 2442 2000 Τελέσιλλα,
2508 1913 2603 1986 δι’

447 2019 533 2106 ἣν
591 2018 658 2086 ἐν
690 2015 944 2106 ”Λργει
986 2017 1153 2098 θεὸς
1211 2014 1612 2106 ἀριθμεῖται
1665 2024 1989 2106 γυναικῶν
2024 2016 2280 2109 ”Λρης,
2338 2014 2481 2103 οὐχὶ
2526 2025 2604 2088 τὸ

446 2123 756 2207 μελιχρὸν
790 2117 1048 2210 αὔχημα
1075 2127 1399 2206 Λεσβίων
1429 2121 1696 2211 Σαπφώ
1741 2125 1851 2189 καὶ
1896 2119 1936 2211 ἡ
1984 2126 2101 2208 τῆς
2130 2129 2607 2209 Πυθαγορείου

452 2229 701 2311 σοφίας
756 2223 1059 2310 θυγάτηρ
1121 2224 1389 2290 Θεανώ·
1447 2223 1616 2306 τάχα
1678 2218 1739 2290 δ’
1806 2218 1959 2291 οὐδὲ
2003 2227 2333 2312 Περικλῆς
2391 2218 2608 2304 οὕτως

445 2316 528 2391 ὃν
549 2319 917 2413 Ἀσπασίᾳ
950 2325 1411 2414 συνηγόρησεν.
1483 2320 1636 2392 ἀλλ’
1691 2326 2057 2415 ἐπειδήπερ
2104 2321 2435 2412 εὐπρεπὲς
2481 2323 2604 2410 ἅρ-

444 2452 636 2511 ρενας
693 2423 862 2514 ὑπὲρ
930 2429 1225 2516 θηλειῶν
1294 2430 1539 2513 λέγειν,
1610 2428 1906 2511 ε’ίπωμεν
1971 2431 2082 2495 καὶ
2142 2425 2373 2514 ἄνδρες
2426 2425 2601 2512 ὑπὲρ

445 2523 722 2614 ἀνδρῶν.
815 2527 893 2596 σύ
957 2529 1030 2596 δὲ
1086 2529 1314 2608 ἵλεως,
1366 2525 1758 2618 Ἀφροδίτη,
1802 2534 2026 2616 γενοῦ·
2085 2533 2196 2597 καὶ
2238 2529 2364 2617 γὰρ
2409 2527 2605 2620 ἡμεῖς

444 2632 559 2699 τὸν
605 2630 724 2698 σὸν
754 2627 1014 2718 Ἐρωτα
1059 2635 1373 2715 τιμῶμεν.

338 2742 411 2797 31
517 2751 520 2755 ’
621 2740 721 2801 31.
787 2732 943 2819 Ἐγῶ
991 2734 1113 2818 μὲν
1161 2759 1274 2801 ουν
1331 2730 1719 2818 ἐνόμιζον”
1676 2760 1825 2820 αχρι
1870 2735 2153 2812 παιδιᾶς
2200 2733 2436 2820 ιλαρὰν
2479 2734 2602 2821 τὴν

443 2836 583 2924 ἔριν
626 2834 816 2923 ἡμῶν
861 2836 1246 2962 προκόψαι,
1315 2835 1465 2902 ἐπεὶ
1513 2836 1584 2902 δὲ
1629 2837 1695 2903 οι
1741 2835 1927 2922 παρὰ
1974 2861 2209 2903 τουτου
2257 2836 2444 2923 λόγοι
2485 2842 2599 2904 καὶ

445 2943 856 3060 φιλοσοφεῖν
911 2935 1083 3023 ὑπὲρ
1148 2941 1473 3025 γυναικῶν
1541 2937 2040 3026 ἐπενοήθησαν,
2112 2932 2414 3022 ἀσμένως
2478 2938 2599 3025 τὴν

445 3036 754 3163 ἀφορμὴν
814 3033 1119 3126 η’ρπακα·
1179 3039 1385 3166 μόνος
1440 3037 1565 3125 γὰρ
1611 3035 1645 3105 ὃ
1694 3035 1904 3144 ι’ίρρην
1956 3040 2161 3162 έρως
2171 3039 2395 3107 κοινὸν
2441 3066 2599 3127 αρε-

446 3147 564 3231 τῆς
617 3147 729 3210 καὶ
785 3139 1028 3264 ἡδονῆς
1072 3141 1252 3208 ἐστιν
1307 3140 1514 3264 ε’ργον.
1604 3121 1904 3230 εὐξάμην
1943 3141 2071 3229 γὰρ
2117 3169 2229 3223 αν,
2278 3142 2470 3229 εἰπερ
2516 3139 2599 3229 ήν

442 3244 514 3312 ἐν
580 3246 871 3332 δυνατῷ,
935 3243 1054 3333 τὴν
1121 3243 1409 3332 ἐπήκοόν
1464 3269 1634 3310 ποτε
1688 3247 1821 3310 τῶν
1877 3247 2313 3330 Σωκρατικῶν
2381 3243 2599 3329 λόγων

441 3347 930 3432 πλατάνιστον,
991 3341 1404 3436 Ἀκαδημίας
1461 3348 1575 3412 καὶ
1636 3353 1936 3413 Λυκείου
2005 3347 2273 3433 δένδρον
2340 3339 2596 3429 ευτυχέ-

443 3473 705 3536 στερον,
766 3446 951 3535 ἐγγὺς
993 3443 1180 3567 ἡμῶν
1225 3447 1501 3515 ἑστάναι
1546 3460 1948 3535 πεφυκυῖαν,
1998 3440 2148 3516 ἐνθ’
2198 3443 2237 3534 ἡ
2290 3448 2595 3534 Φαίδρου

443 3551 966 3639 προσανάκλισις
1020 3535 1133 3637 ῆν,
1192 3541 1423 3636 ώσπερ
1470 3545 1504 3616 o‘
1567 3547 1745 3637 ἱερὸς
1800 3545 1986 3617 εἶπεν
2045 3543 2211 3674 ἀνὴρ
2256 3551 2596 3615 πλείστων

441 3651 793 3739 αψάμενος
843 3657 1169 3738 χαρίτων·
1231 3644 1391 3740 αὕτη
1452 3643 1600 3734 τάχ’
1667 3641 1745 3718 άν
1803 3643 2031 3737 ὥσπερ
2090 3647 2129 3740 ἡ
2176 3650 2244 3717 ἐν
2285 3649 2592 3738 Δωδώνη
2614 3665 2697 3716 432

443 3753 654 3844 φηγὸς
699 3755 768 3822 ἐκ
809 3757 943 3821 τῶν
989 3752 1377 3840 ὀροδάμνων
1438 3752 1621 3839 ιερὰν
1675 3751 2115 3843 ἀπορρήξασα
2163 3751 2393 3843 φωνὴν
2437 3778 2597 3831 τους

442 3857 796 3935 παιδικοὺς
851 3850 1230 3945 ευφήμησεν
1296 3855 1548 3943 ε’ρωτας
1614 3854 1714 3922 ε’τι
1769 3858 1888 3921 τοῦ
1942 3857 2148 3921 καλοῦ
2210 3855 2593 3943 μεμνημένη

443 3959 766 4044 Φαίδρου.
857 3957 1031 4044 πλὴν
1077 3956 1226 4026 ἐπεὶ
1269 3949 1453 4024 τοῦτ’
1508 3955 1856 4044 ἀμήχανον,
