2750 4534
878 273 1160 327 ΤΟΞΔΡΙΣ
1193 274 1238 326 H
1273 273 1476 328 ΦΙΛΙΑ.
2175 273 2255 330 59

107 446 409 520 τοιαῦτα,
467 469 542 511 ου
587 442 767 510 πάνυ
805 441 1106 526 χαλεπὸν
1148 446 1260 511 καὶ
1309 438 1345 509 ὅ
1395 442 1656 527 ἔλεγχος
1701 442 1984 529 ἀφανής.
2076 443 2136 509 εἰ
2182 444 2255 510 δὲ

108 545 435 628 ομόσειας,
482 538 598 628 οὐχ
643 537 834 612 όσιον
879 537 1214 612 άπιστεῖν.

261 652 564 712 ΜΝΗΣ.
638 644 1061 730 Ὀμούμεθα,
1121 644 1190 712 εί
1225 671 1296 713 τι
1351 647 1466 712 καὶ
1473 637 1709 770 ³5o'mtov
1755 645 1895 712 δεῖν
1940 645 2251 728 νομίζεις.

103 753 197 824 τίς
251 746 324 814 δέ
369 770 484 814 σοι
523 750 658 814 τῶν
713 742 1049 834 ἡμετέρων
1091 749 1280 812 θεῶν
1321 783 1409 792 -
1454 729 1565 831 ἆρ’
1618 744 1844 824 ἱκανὸς
1888 742 1923 813 ὅ
1977 750 2255 828 Φίλιος,·

264 851 457 922 ΊῸΞ.
526 851 663 916 Καὶ
691 848 908 932 μάλα·
955 846 1083 934 ἐγώ
1131 848 1203 915 δὲ
1238 846 1358 915 τὸν
1390 846 1755 934 ἐπιχώριον
1799 840 2097 932 ὀμοῦμαί
2141 872 2251 917 σοι

105 950 164 1015 ἐν
201 954 296 1037 τῷ
341 950 632 1035 ἐμαυτοῦ
675 949 872 1035 λόγῳ.

263 1058 358 1122 12.
405 1058 704 1119 ΜΝΗΣ.
762 1046 958 1120 Ἴστω
1014 1057 1240 1118 τοίνυν
1296 1047 1333 1117 ὅ
1393 1049 1565 1128 Ζεὺς
1624 1047 1659 1117 ὖ
1715 1053 1974 1138 φίλιος,
2032 1037 2072 1137 ἦ
2120 1052 2249 1138 μὴν
2285 1060 2354 1114 12

104 1149 315 1219 ὁπόσα
373 1179 457 1220 αν
514 1156 682 1240 λέγω
740 1151 916 1239 πρὸς
974 1154 1050 1220 σὲ
1103 1143 1146 1240 ἢ
1192 1145 1394 1230 αὐτὸς
1450 1143 1731 1231 εἰδώς
1690 1179 1729 1242 η
1776 1147 1945 1240 παρ’
2009 1149 2249 1236 άλλων,

104 1251 346 1323 ὁπόσον
395 1254 540 1322 οἶόν
594 1281 669 1322 τε
713 1241 825 1341 ἦν,
885 1255 986 1322 δι’
1039 1249 1382 1342 ἀκριβείας
1426 1254 2012 1339 ἐκπυνθανόμενος
2057 1254 2247 1340 ἐρεῖν,

103 1357 288 1444 μηδὲν
317 1350 490 1440 παρ’
543 1356 836 1440 ἐμαυτοῦ
866 1354 1365 1443 ἐπιτραγῳδῶν.
1441 1359 1555 1424 καὶ
1585 1355 1857 1443 πρώτην
1885 1361 1959 1441 γέ
1990 1379 2100 1422 σοι
2129 1356 2249 1444 τὴν

97 1451 569 1542 Ἀγαθοκλέους
633 1461 745 1526 καὶ
813 1463 1089 1526 Δεινίου
1159 1459 1398 1544 φιλίαν
1465 1457 1869 1583 διηγήσομαι
1935 1452 2248 1542 ἀοίδιμον

104 1558 162 1624 ἐν
198 1574 340 1639 τοῖς
370 1555 560 1628 Ἴωσι
600 1561 990 1648 γενομένην·
1027 1553 1454 1646 Ἀγαθοκλῆς
1498 1558 1624 1645 γὰρ
1671 1553 1865 1636 οὗτος
1908 1555 1943 1624 ὅ
1991 1560 2248 1642 Σάμιος

105 1685 168 1726 ου
219 1661 350 1749 πρὸ
416 1662 674 1729 πολλοῦ
730 1660 1019 1747 ἐγένετο,
1077 1656 1353 1744 ὂῖριστος
1407 1661 1529 1743 μὲν
1586 1659 1761 1746 πρὸς
1819 1663 2085 1747 φιλίαν,
2156 1658 2248 1739 ὥς

35 1775 89 1826 ἰ19
104 1761 322 1845 ἔδειξε,
380 1763 467 1830 τὰ
515 1759 688 1829 ἄλλα
746 1763 820 1830 δὲ
874 1756 1066 1830 οῦδὲν
1111 1757 1404 1846 άμείνων
1454 1768 1729 1846 Σαμίων
1784 1766 1915 1829 τῶν
1974 1766 2245 1829 πολλῶν

104 1859 236 1931 οὔτε
290 1865 358 1944 ἐς
411 1864 487 1933 τὸ
535 1870 726 1951 γένος
769 1861 922 1932 ου’τε
974 1864 1042 1942 ἐς
1097 1863 1218 1953 τὴν
1277 1860 1483 1951 ἄλλην
1527 1870 1958 1950 περιουσίαν·
2003 1870 2246 1952 Δεινίᾳ

105 1965 164 2030 δὲ
213 1992 303 2053 τῳ
352 1967 688 2044 Λύσωνος
721 1960 1010 2052 Ἐφεσίῳ
1056 1967 1256 2054 φίλος
1301 1965 1370 2032 ἐκ
1406 1965 1677 2033 παίδων
1719 1952 1832 2053 ἦν·
1878 1961 1913 2032 ὃ
1964 1966 2037 2033 δὲ
2080 1971 2244 2033 Δει-

104 2073 230 2145 νίας
272 2062 588 2134 ἐπλούτει
641 2091 774 2153 αρα
819 2065 916 2146 εἰς
959 2062 1369 2154 ὑπερβολήν·
1428 2069 1541 2133 καὶ
1600 2059 1833 2153 ὥσπερ
1879 2065 2056 2144 εἰκὸς
2100 2067 2246 2134 νεό-

101 2171 369 2237 πλουτον
415 2195 600 2250 οντα,
645 2167 941 2247 πολλοὺς
983 2171 1096 2236 καὶ
1143 2164 1387 2246 άλλους
1432 2165 1563 2251 εἶχε
1608 2173 1768 2255 περὶ
1813 2168 2051 2236 ἑαυτὸν
2098 2170 2243 2235 ικα-

104 2295 235 2349 νους
284 2273 408 2355 μὲν
466 2283 784 2353 συμπιεῖν
839 2273 953 2337 καὶ
999 2269 1172 2356 πρὸς
1216 2265 1463 2359 ἡδονὴν
1508 2284 1834 2352 συνεῖναι,
1890 2272 2126 2358 φιλίας
2170 2271 2243 2336 δὲ

103 2373 398 2440 πλεῖστον
443 2366 606 2440 όσον
651 2366 1087 2450 ἀποδέοντας.
1167 2377 1335 2450 τέως
1380 2371 1501 2456 μὲν
1547 2358 1662 2440 οῦν
1707 2372 1777 2439 ἐν
1818 2371 2086 2450 τούτοις
2130 2375 2240 2438 καὶ

101 2467 129 2534 ὖ
163 2466 572 2561 Ἀγαθοκλῆς
627 2472 974 2562 ἐξητάζετο
1030 2475 1141 2539 καὶ
1202 2476 1402 2561 συνῆν
1445 2476 1558 2540 καὶ
1615 2477 1967 2541 συνέπινεν
2014 2468 2243 2550 αυτοῖς

105 2567 167 2637 οὗ
206 2575 380 2642 πάνυ
421 2581 673 2662 χαίρων
717 2579 800 2662 τῇ
841 2574 1117 2663 τοιαύτῃ
1165 2576 1511 2662 διατριβῇ,
1563 2577 1676 2641 καὶ
1722 2571 1757 2641 ὃ
1804 2579 2083 2652 Δεινίας
2128 2570 2240 2641 οὗ-

106 2675 196 2740 δὲν
249 2672 450 2744 αὐτὸν
507 2675 929 2762 ἐντιμότερον
987 2673 1120 2759 εἶχε
1160 2687 1296 2743 τῶν
1353 2676 1683 2744 κολάκων·
1742 2677 2123 2744 τελευταῖον
2169 2677 2241 2743 δὲ

103 2781 198 2844 καὶ
237 2783 646 2864 προσέκρουε
689 2777 775 2845 τὰ
820 2777 1043 2845 πολλὰ
1089 2776 1458 2863 ἐπιτιμῶν,
1502 2781 1614 2846 καὶ
1659 2776 1981 2865 φορτικὸς
2025 2777 2240 2845 ἐδόκει

104 2873 600 2965 ὑπομιμνήσκων
657 2873 764 2948 ἆεὶ
819 2883 953 2947 τῶν
997 2879 1346 2967 προγόνων
1402 2883 1513 2947 καὶ
1571 2879 1931 2968 φυλάττειν
1975 2905 2242 2966 παραγ-

103 2983 322 3061 γέλλων
383 2981 426 3050 ἃ
485 2982 654 3067 μετὰ
711 2985 984 3049 πολλῶν
1040 2983 1356 3067 καμάτων
1416 2979 1450 3050 ὃ
1500 2981 1725 3071 πατὴρ
1772 2977 1955 3070 αὐτῷ
1996 2984 2241 3072 κτησά-

104 3106 274 3162 μενος
314 3086 701 3153 κατέλιπεν·
763 3078 938 3151 ὥστε
995 3083 1107 3151 διὰ
1152 3088 1366 3151 ταῦτα
1412 3079 1566 3152 οὐδὲ
1619 3083 1737 3153 ἐπὶ
1778 3085 1937 3163 τούς
1979 3086 2242 3171 κώμους

107 3176 332 3271 ἀπῆγεν
377 3186 477 3255 ἔτι
514 3180 736 3267 αὐτόν,
784 3179 955 3252 ἀλλὰ
999 3185 1204 3269 μόνος
1246 3179 1393 3268 μετ’
1448 3185 1714 3254 ἐκείνων
1746 3185 2039 3270 ἐκώμαζε
2083 3189 2240 3254 λαν-

105 3284 316 3353 θάνειν
345 3287 762 3372 πειρώμενος
789 3286 908 3354 τὸν
936 3280 1374 3372 Ἀγαθοκλέα.
1455 3293 1554 3356 13.
1599 3290 1709 3354 καὶ
1758 3288 1838 3376 δή
1884 3313 2052 3354 ποτε
2096 3284 2231 3354 ὗπὸ
2272 3291 2344 3347 13

105 3389 214 3453 τῶν
253 3389 550 3456 κολάκων
595 3389 862 3456 ἐκείνων
894 3385 930 3457 ὃ
982 3384 1230 3468 ἅθλιος
1261 3383 1721 3458 ἀναπείθεται
1766 3386 1857 3468 ὥς
1902 3389 2073 3477 ἐρῴη
2122 3383 2242 3458 αὖ-

105 3491 203 3552 τοῦ
243 3493 614 3574 Χαρίκλεια
669 3489 1124 3578 Δημώνακτος
1179 3489 1337 3579 γυνὴ
1399 3485 1642 3576 ἇνδρὸς
1697 3489 2072 3578 ἐπιφανοῦς
2128 3495 2239 3559 καὶ

107 3584 350 3670 πρώτου
378 3588 704 3681 Ἐφεσίων
748 3591 832 3658 τὰ
877 3592 1228 3660 πολιτικά·
1273 3594 1386 3659 καὶ
1417 3591 1805 3679 γραμμάτιά
1833 3617 1909 3658 τε
1940 3592 2239 3680 εἰσεφοί-

33 3689 174 3752 ⁵2⁰va
224 3685 398 3779 αὐτῷ
454 3690 644 3776 παρὰ
700 3703 820 3782 τῆς
873 3692 1183 3779 γυναικὸς
1238 3696 1347 3760 καὶ
1407 3698 1732 3781 στέφανοι
1785 3688 2237 3778 ἡμιμάραντοι

108 3793 196 3856 καὶ
235 3795 406 3878 μῆλά
449 3821 604 3862 τινα
650 3792 1161 3883 ἀποδεδηγμένα
1205 3797 1315 3861 καὶ
1351 3790 1523 3860 ἄλλα
1567 3790 1795 3861 ὁπόσα
1844 3795 1914 3860 αἱ
1944 3817 2238 3878 μαστρο-

109 3891 208 3955 noi
270 3907 410 3972 τοῖς
478 3898 655 3972 νέοις
718 3896 1176 3981 μηχανῶνται,
1246 3891 1415 3958 κατὰ
1482 3891 1718 3977 μικρὸν
1787 3885 2017 3972 αὐτοῖς
2084 3891 2237 3960 ἐπι-

107 3992 472 4078 τεχνώμεναι
536 3994 693 4074 τοὺς
759 3995 1013 4081 ἔρωτας
1075 3997 1185 4060 καὶ
1255 3988 1756 4079 ἀναφλέγουσαι
1818 3993 1895 4061 τὸ
1962 3998 2235 4080 πρῶτον
