2750 4534
446 259 526 316 44
1335 259 1619 312 Aurium
1622 260 1708 312 ΟΥ

342 438 413 494 12
447 430 704 496 νοδίκαι
747 426 867 547 τὴςν
912 428 1152 496 εἰκόνα.
1248 433 1346 494 12.
1393 429 1603 494 ταῦτα
1646 428 1767 511 μὲν
1812 426 2029 514 ἔλεγεν
2075 427 2471 515 ἐκείνη.σύ
2512 428 2573 492 δὲ

448 525 829 611 σκόπει,ω
890 539 1176 611 Λυκῖνε,
1237 522 1425 607 ὅπως
1476 529 2001 618 μετακοσμήσεις
2045 527 2121 597 τὸ
2180 532 2441 615 βιβλίον
2480 533 2574 596 καὶ

449 627 849 721 ἀφαιρήσεις
892 631 976 698 τὰ
1021 635 1330 713 τοιαῦτα,
1376 631 1544 719 μηδὲ
1588 634 1851 721 σφαλῇς
1893 631 2069 719 πρὸς
2111 630 2186 699 τὸ
2233 638 2459 700 θεῖον·
2500 628 2577 708 ὥς

449 734 657 823 ἐκείνη
706 734 884 801 πάνυ
936 759 1010 819 γε
1065 728 1235 800 αὐτὰ
1295 731 1715 820 ἐδυσχέραινε
1767 736 1879 800 καὶ
1932 731 2299 819 ὖπέφριττε
2355 732 2579 818 μεταξὺ

451 831 1084 923 ἀναγινωσκομένων
1148 839 1260 904 καὶ
1327 849 1693 924 παρῃτεῖτο
1758 834 1881 914 τὰς
1939 835 2110 915 θεὰς
2172 837 2371 915 ἵλεως
2430 833 2581 902 εἶναι

451 931 651 1025 αὐτῇ,
709 941 821 1004 καὶ
876 937 1255 1024 συγγνώμη,
1313 937 1374 1004 εἰ
1418 937 1790 1023 γυναικεῖόν
1832 964 1902 1004 τι
1944 938 2189 1008 ἔπαθε.
2276 943 2495 1004 καίτοι
2534 937 2583 1002 εἰ

446 1039 568 1126 χρὴ
598 1035 895 1128 τάληθὲς
938 1040 1174 1121 εἰπεῖν,
1219 1043 1330 1107 καὶ
1377 1033 1560 1126 αὐτῷ
1605 1038 1751 1123 ἐμοὶ
1798 1040 2105 1107 τοιοῦτόν
2149 1067 2217 1107 τι
2261 1039 2477 1118 ἔδοξε·
2518 1037 2580 1104 τό

451 1142 573 1226 μὲν
647 1140 774 1227 γὰρ
846 1145 1114 1226 πρῶτον
1189 1135 1447 1208 ἀκούων
1524 1135 1714 1208 οὐδὲν
1786 1143 2238 1230 πλημμέλημα
2310 1141 2653 1226 ἐνεώρων491

453 1256 596 1320 τοῖς
637 1249 1144 1329 γεγραμμένοις,
1206 1243 1356 1312 ἐπεὶ
1404 1244 1475 1310 δὲ
1524 1242 1734 1331 ἐκείνη
1780 1242 2272 1332 ἐπεσημήνατο,
2330 1247 2445 1311 καὶ
2488 1237 2589 1308 αὐ-

452 1345 568 1424 τὸς
600 1341 887 1430 άρχομαι
929 1345 1014 1412 τὰ
1060 1339 1264 1429 όμοια
1305 1345 1691 1433 γιγνώσκειν
1736 1349 1891 1432 περὶ
1940 1341 2181 1426 αὐτῶν,
2226 1349 2335 1412 καὶ
2386 1370 2588 1430 παρα-

456 1446 746 1536 πλήσιόν
790 1474 857 1513 τι
902 1447 1171 1514 ἔπαθον
1216 1447 1317 1526 οἷς
1363 1447 1477 1513 ἐπὶ
1524 1453 1659 1513 τῶν
1704 1443 2057 1531 ὁρωμένων
2104 1447 2473 1568 πάσχομεν·
2525 1436 2589 1534 ἢν

454 1549 574 1631 μὲν
634 1550 810 1617 πάνυ
869 1549 1148 1637 ἐγγύθεν
1205 1553 1559 1633 σκοπῶμέν
1616 1575 1683 1616 τι
1740 1554 1851 1616 καὶ
1909 1545 2043 1616 ὗπό
2103 1549 2197 1615 τώ
2264 1544 2583 1637 ὂφθαλμιι

459 1645 668 1732 αὖτώ,
746 1647 936 1719 οὐδὲν
1012 1646 1276 1738 ἀκριβὲς
1351 1651 1904 1737 διαγινώσκομεν,
1977 1642 2057 1740 ἢν
2124 1653 2197 1718 δὲ
2264 1645 2589 1719 ἀποστάν-

457 1779 566 1832 τες
625 1753 693 1820 ἐκ
747 1758 866 1820 τοῦ
912 1759 1286 1841 συμμέτρου
1326 1754 1786 1874 διαστήματος
1828 1754 2109 1838 ἰ’δωμεν,
2170 1748 2445 1821 ἅπαντα
2487 1777 2591 1819 σα-

356 1864 428 1920 13
460 1859 607 1944 φῶς
650 1861 1136 1942 καταφαίνεται
1163 1855 1249 1921 τὰ
1281 1881 1352 1922 ευ
1384 1859 1496 1922 καὶ
1537 1855 1622 1922 τὰ
1665 1856 1754 1944 μὴ
1802 1849 2011 1934 ου’τως
2056 1856 2307 1938 ε’χοντα.
2389 1853 2587 1925 13.τὸ

461 1956 538 2043 δὴ
597 1954 965 2042 ἄνθρωπον
1011 1981 1216 2024 ουσαν
1253 1952 1623 2047 Ἀφροδίτῃ
1668 1963 1778 2026 καὶ
1806 1951 1986 2047 “Hpq
2030 1958 2292 2025 εἰκάσαι
2336 1965 2406 2026 τί
2450 1954 2593 2024 άλλο

459 2050 501 2148 ἢ
537 2055 838 2147 ἄντικρύς
883 2059 1063 2127 ἐστιν
1109 2054 1457 2141 εὐτελίζειν
1503 2059 1625 2139 τὰς
1669 2058 1878 2142 θεάςς
1924 2059 1991 2127 ἐν
2035 2057 2160 2178 γὰρ
2204 2073 2347 2138 τοῖς
2387 2056 2594 2126 τοιού-

460 2187 606 2241 τοις
659 2187 780 2244 ουχ
837 2155 1010 2228 οὕτω
1066 2160 1141 2228 τὸ
1200 2161 1437 2247 μικρὸν
1495 2162 1718 2246 μεῖζον
1776 2167 2031 2247 γίνεται
2072 2166 2156 2250 τῇ
2206 2161 2595 2248 παραθέσει,

464 2259 552 2342 ὡς
604 2263 680 2331 τὸ
741 2264 966 2348 μεῖζον
1023 2257 1595 2349 ἀποσμικρύνεται
1638 2263 1812 2351 πρὸς
1854 2263 1930 2332 τὸ
1978 2264 2456 2349 ταπεινότερον
2496 2290 2599 2328 κα-

464 2361 935 2451 τασπώμενον·
995 2366 1138 2433 οἷον
1195 2367 1262 2433 εἴ
1311 2391 1490 2445 τινες
1550 2359 1689 2451 ἅμα
1747 2366 2111 2452 βαδίζοιεν,
2170 2363 2205 2434 ὃ
2264 2367 2387 2451 μὲν
2432 2371 2599 2451 μέγι-

467 2494 654 2552 στος,
723 2465 758 2536 ὃ
829 2470 900 2535 δὲ
967 2469 1146 2537 πάνυ
1201 2473 1284 2558 τῇ
1339 2465 1567 2560 ἡλικίᾳ
1620 2469 2055 2559 χαμαίζηλος,
2124 2467 2271 2537 εἶτα
2325 2470 2603 2560 δεήσειεν

467 2567 822 2640 ἀπισῶσαι
882 2565 1154 2653 αὐτούς,
1214 2569 1306 2650 ὥς
1348 2571 1439 2657 μὴ
1486 2569 1829 2656 ὑπερέχειν
1871 2577 2166 2657 θατέρου
2210 2570 2327 2639 τὸν
2379 2570 2603 2655 ἕτερον,

467 2670 542 2742 οὗ
600 2677 720 2740 τοῦ
772 2679 1176 2759 βραχυτέρου
1233 2671 1915 2758 ὑπερανατεινομένου
1972 2677 2172 2741 τοῦτο
2223 2672 2472 2760 γένοιτ’
2519 2667 2604 2750 ἄν,

464 2768 584 2843 κᾶν
650 2769 759 2842 ότι
813 2770 1106 2859 μάλιστα
1165 2771 1573 2864 ἀκροποδητὶ
1635 2774 1946 2863 ἐπερείδῃ
2007 2774 2275 2842 ἑαυτόν·
2344 2769 2496 2842 ἀλλ’
2556 2770 2606 2838 εἰ

465 2878 820 2961 μέλλουσιν
882 2872 1193 2964 ὁμήλικες
1252 2882 1661 2964 φανεῖσθαι,
1720 2873 1755 2943 o‘
1802 2877 2045 2960 μείζων
2102 2876 2347 2954 ἐκεῖνος
2390 2873 2606 2943 ἐπικύ-

469 2991 592 3065 ψει
618 2982 728 3045 καὶ
773 2979 1248 3065 ταπεινότερον
1295 2972 1642 3066 ἀποφανεῖ
1683 2978 1938 3046 ἑαυτόν.
2029 2975 2347 3056 ’ὡσαύτως
2392 2980 2469 3046 δὲ
2509 2977 2603 3042 καὶ
2620 2980 2679 3033 492

473 3082 538 3148 ἐν
595 3095 743 3158 ταῖς
807 3081 1151 3158 τοιαύταις
1209 3080 1456 3147 εἰκόσιν
1515 3075 1628 3164 οὐχ
1686 3074 1898 3160 οὕτως
1956 3077 2325 3167 ἅνθρωπος
2378 3080 2605 3166 μείζων

470 3190 741 3270 γίνεται,
791 3179 864 3269 ἥν
895 3208 999 3261 τις
1044 3176 1248 3249 αὐτὸν
1291 3186 1441 3268 θεῷ
1486 3176 1831 3271 ἀπεικάζῃ,
1878 3180 1973 3261 ὦς
2014 3183 2090 3251 τὸ
2136 3189 2333 3250 θεῖον
2378 3178 2608 3269 ἀνάγκη

475 3287 924 3352 ἐλαττοῦσθαι
981 3284 1155 3372 πρὸς
1219 3283 1294 3352 τὸ
1366 3284 1589 3352 ἐνδέον
1656 3283 2133 3369 ἐπικλώμενον·
2196 3288 2306 3353 καὶ
2371 3285 2497 3372 γὰρ
2560 3280 2609 3347 εἰ

473 3389 592 3471 μὲν
651 3383 784 3454 ὕπὸ
847 3381 1142 3471 ἀπορίας
1190 3390 1321 3453 τῶν
1367 3385 1685 3473 ἐπιγείων
1730 3386 1846 3453 ἐπὶ
1890 3385 1975 3453 τά
2022 3381 2301 3471 οὐράνια
2348 3386 2609 3454 ἐκτείνοι

473 3515 578 3569 τις
606 3489 724 3558 τὸν
757 3489 971 3577 λόγον,
1018 3483 1259 3574 ἥττονα
1293 3479 1372 3555 ἂν
1419 3485 1454 3556 ὅ
1486 3493 1791 3567 τοιοῦτος
1835 3489 2059 3556 αἰτίαν
2104 3490 2242 3572 ἔχοι
2284 3485 2420 3557 ὑπὸ
2469 3483 2609 3555 ἀσε-

473 3599 664 3679 βείας
717 3585 876 3660 αυτό
939 3591 1283 3676 δρᾶν·σύ
1345 3592 1417 3658 δὲ
1474 3595 1767 3658 τοσαῦτα
1824 3591 1987 3675 ἔχων
2041 3592 2246 3680 κάλλη
2305 3592 2612 3678 γυναικῶν

469 3691 839 3786 Ἀφροδίτῃ
885 3698 996 3762 καὶ
1021 3687 1199 3782 ‘Hpq
1245 3693 1509 3761 εἰκάσαι
1555 3689 1760 3783 αυτὴν
1804 3692 2175 3780 ἐτόλμησας
2218 3688 2410 3761 οὐδὲν
2455 3693 2611 3760 δέον.

375 3799 446 3854 14
487 3807 581 3866 14.
614 3791 785 3864 ώστε
813 3795 890 3863 τὸ
925 3792 1090 3883 ἄγαν
1118 3800 1318 3864 τοῦτο
1347 3801 1458 3866 καὶ
1491 3795 1873 3885 ἐπίφθονον
1912 3791 2227 3918 ἀφαίρει,
2254 3821 2309 3862 ω
2338 3805 2611 3863 Λυκῖνε·

482 3926 557 3967 ου
613 3898 739 3985 γὰρ
800 3897 974 3982 πρὸς
1027 3902 1147 3965 τοῦ
1203 3902 1327 3965 σοῦ
1369 3898 1626 3985 τρόπου
1670 3897 1747 3964 τὸ
1792 3902 2128 3980 τοιοῦτον,
2190 3896 2267 3976 ὃς
2312 3896 2464 3964 οὐδὲ
2508 3891 2613 3961 άλ-

481 4005 612 4079 λως
658 4000 890 4089 ῥᾴδιος
921 4000 1095 4088 πρὸς
1125 3999 1279 4078 τοὺς
1323 4000 1639 4078 ἐπαίνους
1668 4001 1780 4066 καὶ
1826 4001 2178 4086 πρόχειρος
2220 3989 2321 4068 ὧν
2363 3998 2612 4086 ἐτύγχα-
