2750 4534
441 232 522 291 18
1313 237 1723 303 [Aorssmmor]

437 425 557 490 σης
619 403 900 472 ἑλέσθαι
943 402 1018 470 τὸ
1071 406 1356 488 βέλτιον,
1404 405 1522 496 τὴν
1567 406 1823 475 εἰκαίαν
1869 407 2047 476 πόαν
2094 408 2436 477 ἐσιτοῦντο
2479 413 2593 476 καὶ

435 507 796 592 μαλθακὰς
853 507 1038 593 ῥίζας
1093 500 1483 591 ὀρύττοντες
1539 513 1651 577 καὶ
1708 509 1791 578 τὰ
1847 513 2135 580 πλεῖστα
2189 511 2387 595 δρυὸς
2428 538 2592 596 καρ-

436 607 572 677 πὸν
633 609 1000 688 ἐσθίοντες.
1091 603 1244 676 ἀλλ’
1309 606 1346 698 ἡ
1392 612 1511 695 μὲν
1568 604 1839 698 ἆλόγοις
1898 611 2093 699 ζῴοις
2140 612 2311 698 μετὰ
2353 613 2593 700 χρόνον

437 712 708 800 ἐρρίφη,
770 711 1027 798 σπόρον
1087 711 1158 778 δὲ
1215 716 1435 798 πυροῦ
1488 716 1600 780 καὶ
1643 718 1887 801 κριθῆς
1932 711 2113 784 εἶδον
2156 717 2230 783 αἱ
2284 719 2593 802 γεωργῶν

436 811 820 898 ἐπιμέλειαι
857 809 1172 900 εὑροῦσαι
1213 809 1362 882 κατ’
1417 815 1565 894 ἔτος
1610 813 2013 897 ἐκνεάζοντα.
2100 821 2215 884 καὶ
2259 812 2414 886 οὐδὲ
2456 846 2589 903 μα-

327 921 409 978 34
440 919 573 995 νεὶς
619 905 700 984 ὃν
745 915 934 983 ε’ίποι
976 941 1080 995 τις
1137 909 1244 985 ὅτι
1295 918 1452 1004 δρῦς
1498 919 1779 1001 στάχυος
1824 912 2133 1004 ἀμείνων.
2224 925 2325 1046 34.
2370 926 2440 987 τί
2484 919 2591 1001 δ’;

427 1126 712 1205 θρωποι
770 1121 964 1209 νάκη,
1023 1127 1239 1210 θηρία
1298 1122 1663 1206 δείραντες,
1723 1117 2181 1211 ημφιέσαντο;
2240 1128 2352 1192 καὶ
2409 1125 2585 1208 σπή-

429 1225 669 1309 λυγγας
733 1215 906 1309 ὀρῶν
972 1225 1206 1310 κρύους
1271 1224 1666 1304 καταδύσεις
1732 1225 2105 1314 ἐπενόησαν
2170 1254 2209 1316 η
2270 1229 2586 1294 παλαιῶν

429 1315 716 1411 δρυῶν’
688 1352 726 1452 η
777 1329 1006 1452 φηγῶν
1053 1312 1184 1392 αῦα
1227 1325 1649 1412 κοιλώματας
1699 1327 1821 1414 τὴν
1867 1329 1939 1396 δὲ
1988 1322 2125 1396 ἆπὸ
2170 1329 2425 1396 τούτων
2466 1336 2582 1414 μί-

426 1451 630 1514 μησιν
686 1427 808 1494 ἐπὶ
851 1429 930 1494 τὸ
975 1442 1271 1514 κρεῖττον
1329 1424 1433 1495 ἆεὶ
1487 1431 1885 1515 μετάγοντες
1941 1423 2200 1518 ύφηναν
2255 1432 2378 1514 μὲν
2432 1429 2581 1497 ἑαυ-

426 1543 574 1606 τοῖς
597 1530 934 1612 χλανίδας,
981 1530 1204 1607 οῗκους
1249 1531 1320 1596 δὲ
1349 1525 1701 1616 ᾠκίσαντο,
1744 1535 1857 1600 καὶ
1901 1533 2287 1620 λεληθότως
2320 1533 2391 1600 αἱ
2420 1537 2579 1617 περὶ

425 1634 640 1697 ταῦτα
684 1635 906 1714 τέχναι
951 1630 1069 1697 τὸν
1118 1630 1355 1717 χρόνον
1415 1633 1741 1715 λαβοῦσαι
1798 1633 2195 1702 διδάσκαλον
2253 1628 2405 1701 ἆντὶ
2460 1635 2685 1718 μὲν435

425 1734 611 1820 λιτῆς
668 1729 843 1822 ὑφῆς
901 1731 972 1801 τὸ
1021 1732 1290 1800 κάλλιον
1350 1732 1732 1816 ἐποίκιλαν,
1796 1729 1945 1803 ἀντὶ
2002 1737 2075 1804 δὲ
2120 1730 2403 1803 εὐτελῶν
2448 1738 2579 1802 δω-

426 1840 688 1918 ματίων
732 1830 962 1921 ὑψηλὰ
1008 1839 1288 1918 τέρεμνα
1331 1838 1443 1902 καὶ
1501 1838 1717 1903 λίθων
1761 1839 2197 1906 πολυτέλειαν
2255 1837 2578 1927 ἐμηχανή-

425 1958 630 2002 σαντο
695 1939 805 2003 καὶ
879 1935 1126 2023 γυμνὴν
1198 1943 1438 2020 τοίχων
1512 1932 1855 2028 ἆμορφίαν
1930 1934 2250 2008 εὖανθέσι
2318 1947 2577 2028 βαφαῖς

415 2038 788 2124 χρωμάτων
852 2044 1300 2126 κατέγραψαν.
1412 2039 1587 2129 πλὴν
1662 2040 1899 2131 ἑκάστη
1974 2068 2047 2128 γε
2116 2043 2369 2110 τούτων
2442 2047 2577 2110 τῶν

420 2143 664 2222 τεχνιῦν
709 2143 820 2206 καὶ
881 2139 1270 2229 ἐπιστημῶν
1317 2137 1587 2229 ἄφωνος
1632 2127 1800 2210 οῦσα
1842 2146 1953 2212 καὶ
2007 2149 2300 2228 βαθεῖαν
2347 2143 2573 2213 ἐπιτε-

420 2247 702 2331 θειμένη
766 2242 982 2332 λήθην
1029 2239 1120 2321 ὥς
1179 2237 1316 2310 άπὸ
1363 2249 1623 2330 μακρᾶς
1680 2244 1930 2324 δύσεως
1985 2246 2154 2314 κατὰ
2210 2246 2445 2333 μικρὸν
2506 2247 2579 2326 ἐς

417 2342 544 2421 τὰς
590 2343 769 2422 ἰδίας
816 2343 1145 2412 ἀνέτειλεν
1193 2339 1493 2424 ἆκτῖνας·
1542 2346 1815 2426 ἕκαστος
1858 2347 1981 2436 γὰρ
2014 2345 2219 2431 εὑρών
2251 2374 2319 2416 τι
2364 2373 2577 2433 παρε-

421 2445 609 2513 δίδου
667 2449 764 2532 τῷ
816 2440 964 2530 μετ’
1017 2443 1248 2514 αὐτόν·
1309 2441 1453 2514 εἶθ’
1520 2444 1557 2533 ἦ
1607 2447 1877 2538 διαδοχὴ
1923 2453 2054 2517 τῶν
2102 2451 2579 2535 λαμβανόντων

311 2553 390 2610 35
421 2546 522 2624 οἷς
553 2547 808 2671 ἔμαθεν
841 2544 966 2638 ἤδη
1012 2555 1473 2635 προστιθεῖσα
1517 2549 1591 2616 τὸ
1628 2549 1849 2618 ἐνδέον
1890 2551 2257 2639 ἐπλήρωσε.
2334 2559 2437 2621 35.
2481 2552 2575 2640 μὴ

419 2649 495 2736 δή
529 2676 631 2728 τις
676 2650 927 2736 ε’ρωτας
959 2644 1254 2738 ἀρρένων
1300 2645 1676 2720 απαιτείτω
1708 2652 1897 2736 παρὰ
1926 2658 2047 2721 τοῦ
2076 2657 2373 2724 παλαιοῦ
2414 2654 2573 2740 χρό-

416 2771 566 2818 νου·
620 2752 878 2839 γυναιξὶ
933 2751 1058 2840 γὰρ
1117 2749 1375 2837 ομιλεῑν
1435 2747 1792 2840 ἀναγκαῖον
1846 2751 1955 2844 ἠν,
2015 2757 2127 2823 ι’να
2182 2754 2271 2842 μὴ
2331 2758 2574 2834 τελέως

416 2876 763 2937 ασπερμον
807 2851 993 2942 ἡμῶν
1039 2859 1282 2944 φθαρῇ
1321 2857 1399 2922 τὸ
1444 2862 1651 2943 γένος.
1742 2858 1814 2924 αἱ
1860 2858 1931 2925 δὲ
1976 2860 2283 2926 ποικίλαι
2328 2865 2573 2944 σοφίαι

413 2957 523 3020 καὶ
580 2958 698 3044 τῆς
761 2956 1128 3044 φιλοκάλου
1173 2956 1417 3044 ταύτης
1475 2951 1712 3046 ἀρετῆς
1770 2957 2137 3044 ἐπιθυμίαι
2192 2959 2389 3044 μόλις
2430 2955 2567 3026 ὗπό

409 3059 529 3122 τοῦ
565 3057 770 3144 μηδὲν
829 3057 1068 3136 ἐῶντος
1133 3052 1510 3142 ἆνίχνευτον
1556 3059 1799 3138 αἰῶνος
1846 3060 1911 3139 ἐς
1953 3055 2333 3150 τοῦμφανὲς
2379 3061 2570 3146 ἐμελ-

409 3159 526 3224 λον
582 3156 796 3246 ἥξειν,
854 3160 966 3228 ἵνα
1023 3164 1107 3249 τῇ
1163 3166 1332 3248 θείᾳ
1389 3163 1769 3251 φιλοσοφίᾳ
1812 3167 1923 3230 καὶ
1968 3162 2041 3231 τὸ
2090 3165 2570 3250 παιδεραστεῖν
2588 3177 2678 3226 436

410 3261 816 3348 συνακμάσῃ.
903 3261 993 3350 μὴ
1042 3263 1226 3360 δῆτα,
1273 3265 1669 3350 Χαρίκλεις,
1717 3262 1753 3331 ὃ
1798 3263 1887 3351 μὴ
1937 3265 2263 3351 πρότερον
2310 3258 2568 3354 εὕρητο,

407 3365 605 3429 τοῦτο
656 3362 1020 3452 ἐπινοηθὲν
1070 3361 1274 3443 αὖθις
1319 3360 1408 3444 ὥς
1453 3366 1710 3452 φαῦλον
1756 3362 2027 3450 εὔθυνε,
2071 3363 2231 3456 μηδ’
2282 3360 2390 3434 ὅτι
2434 3371 2571 3433 τῶν

407 3467 743 3538 παιδικῶν
817 3465 1079 3556 ἐρώτων
1148 3469 1220 3534 αἱ
1291 3483 1660 3554 γυναικεῖαι
1735 3469 2001 3537 σύνοδοι
2074 3475 2570 3558 πρεσβυτέρους

407 3569 903 3657 ἐπιγράφονται
961 3569 1270 3658 χρόνους,
1341 3569 1615 3637 ἐλάττου
1684 3571 2007 3658 θάτερον·
2077 3566 2247 3639 ἀλλὰ
2303 3573 2388 3639 τὰ
2444 3575 2569 3658 μὲν

402 3671 669 3739 παλαιὰ
728 3675 859 3738 τῶν
925 3671 1473 3761 ἐπιτηδευμάτων
1540 3666 1865 3759 ἆναγκαῖα
1921 3674 2323 3759 νομίζωμεν,
2390 3676 2434 3743 ἃ
2492 3680 2567 3745 δὲ

407 3760 613 3852 αυθις
667 3773 1146 3861 ἐνευσχολήσας
1187 3789 1331 3853 τοῖς
1375 3777 1719 3862 λογισμοῖς
1763 3803 1797 3844 ο
1844 3781 1993 3862 βίος
2038 3776 2417 3862 ἐπεξεῦρεν,
2473 3777 2571 3860 ὥς

301 3875 674 3943 36ἐκείνων
733 3869 983 3960 αμείνω
1043 3883 1373 3966 τιμητέον.
1466 3883 1567 3944 36.
1627 3875 1779 3961 ἐμοὶ
1833 3878 1952 3960 μὲν
2008 3878 2134 3965 γὰρ
2180 3874 2407 3967 ολίγου
2452 3888 2567 3950 καὶ

401 3981 600 4065 γελᾶν
646 3978 912 4065 ἐναγχος
958 3978 1174 4067 ἐπῄει,
1221 3981 1634 4066 Χαρικλέους
1680 3974 1889 4064 αλογα
1938 3980 2071 4066 ζῷα
2107 3985 2218 4050 καὶ
2250 3983 2369 4069 τὴν
2402 3991 2569 4052 Σκυ-
