<?xml version="1.0" encoding="UTF-8"?>
<!DOCTYPE html PUBLIC "-//W3C//DTD XHTML 1.0 Transitional//EN"
    "http://www.w3.org/TR/xhtml1/DTD/xhtml1-transitional.dtd">
<html xmlns="http://www.w3.org/1999/xhtml" xml:lang="en" lang="en">
 <head>
  <title>
</title>
<meta http-equiv="Content-Type" content="text/html;charset=utf-8" />
  <meta name='ocr-system' content='tesseract 3.04.00' />
  <meta name='ocr-capabilities' content='ocr_page ocr_carea ocr_par ocr_line ocrx_word'/>
</head>
<body>
  <div class='ocr_page' id='page_1' title='image "./lucianus01sommgoog_0182.png"; bbox 0 0 2750 4534; ppageno 0'>
   <div class='ocr_carea' id='block_1_1' title="bbox 398 254 524 315">
    <p class='ocr_par' dir='ltr' id='par_1_1' title="bbox 398 254 524 315">
     <span class='ocr_line' id='line_1_1' title="bbox 398 254 524 315; baseline -0.016 0"><span class='ocrx_word' id='word_1_1' title='bbox 398 254 524 315; x_wconf 72' lang='lat'><strong><em>106</em></strong></span> 
     </span>
    </p>
   </div>
   <div class='ocr_carea' id='block_1_2' title="bbox 393 742 585 799">
    <p class='ocr_par' dir='ltr' id='par_1_2' title="bbox 393 742 585 799">
     <span class='ocr_line' id='line_1_2' title="bbox 393 742 585 799; baseline -0.016 0"><span class='ocrx_word' id='word_1_2' title='bbox 393 756 452 799; x_wconf 81' lang='lat' dir='ltr'><strong><em>e.</em></strong></span> <span class='ocrx_word' id='word_1_3' title='bbox 483 742 585 797; x_wconf 80' lang='lat'><strong><em>41.</em></strong></span> 
     </span>
    </p>
   </div>
   <div class='ocr_carea' id='block_1_3' title="bbox 1018 258 1815 339">
    <p class='ocr_par' dir='ltr' id='par_1_3' title="bbox 1018 258 1815 339">
     <span class='ocr_line' id='line_1_3' title="bbox 1018 258 1815 339; baseline 0 -28"><span class='ocrx_word' id='word_1_4' title='bbox 1018 332 1022 339; x_wconf 29' lang='grc' dir='ltr'>Ι</span> <span class='ocrx_word' id='word_1_5' title='bbox 1129 258 1265 311; x_wconf 68' lang='lat' dir='ltr'><strong><em>Anu</em></strong></span> <span class='ocrx_word' id='word_1_6' title='bbox 1268 258 1510 311; x_wconf 77' lang='lat' dir='ltr'><strong><em>0&#39;rA&#39;r10</em></strong></span> <span class='ocrx_word' id='word_1_7' title='bbox 1544 258 1815 315; x_wconf 63' lang='lat' dir='ltr'><strong><em>carnea,</em></strong></span> 
     </span>
    </p>
   </div>
   <div class='ocr_carea' id='block_1_4' title="bbox 603 434 2573 1021">
    <p class='ocr_par' dir='ltr' id='par_1_4' title="bbox 603 434 2573 711">
     <span class='ocr_line' id='line_1_4' title="bbox 603 434 2569 509; baseline 0.002 -21"><span class='ocrx_word' id='word_1_8' title='bbox 603 446 808 491; x_wconf 78' lang='lat' dir='ltr'><strong><em>somno</em></strong></span> <span class='ocrx_word' id='word_1_9' title='bbox 859 439 1182 493; x_wconf 75' lang='lat' dir='ltr'><strong><em>recreatae</em></strong></span> <span class='ocrx_word' id='word_1_10' title='bbox 1223 434 1511 495; x_wconf 74' lang='lat' dir='ltr'><strong><em>continuo</em></strong></span> <span class='ocrx_word' id='word_1_11' title='bbox 1556 434 1643 494; x_wconf 85' lang='lat' dir='ltr'><strong><em>ad</em></strong></span> <span class='ocrx_word' id='word_1_12' title='bbox 1684 434 1923 509; x_wconf 77' lang='lat' dir='ltr'><strong><em>aliquid</em></strong></span> <span class='ocrx_word' id='word_1_13' title='bbox 1960 440 2207 495; x_wconf 75' lang='lat' dir='ltr'><strong><em>strenue</em></strong></span> <span class='ocrx_word' id='word_1_14' title='bbox 2250 434 2569 509; x_wconf 72' lang='lat' dir='ltr'><strong><em>ayendum</em></strong></span> 
     </span>
     <span class='ocr_line' id='line_1_5' title="bbox 605 533 2573 614; baseline 0.001 -23"><span class='ocrx_word' id='word_1_15' title='bbox 605 549 671 593; x_wconf 76' lang='lat' dir='ltr'><strong><em>se</em></strong></span> <span class='ocrx_word' id='word_1_16' title='bbox 714 533 1066 612; x_wconf 70' lang='lat' dir='ltr'><strong><em>accinyunt)</em></strong></span> <span class='ocrx_word' id='word_1_17' title='bbox 1083 552 1102 593; x_wconf 94' lang='grc'><strong><em>.·</em></strong></span> <span class='ocrx_word' id='word_1_18' title='bbox 1145 551 1384 594; x_wconf 76' lang='lat' dir='ltr'><strong><em>aeneum</em></strong></span> <span class='ocrx_word' id='word_1_19' title='bbox 1419 534 1674 596; x_wconf 76' lang='lat' dir='ltr'><strong><em>fortasse</em></strong></span> <span class='ocrx_word' id='word_1_20' title='bbox 1718 540 1880 595; x_wconf 88' lang='lat' dir='ltr'><strong><em>reete</em></strong></span> <span class='ocrx_word' id='word_1_21' title='bbox 1924 536 2213 614; x_wconf 81' lang='lat' dir='ltr'><strong><em>intellexi,</em></strong></span> <span class='ocrx_word' id='word_1_22' title='bbox 2258 536 2319 594; x_wconf 92' lang='lat' dir='ltr'><strong><em>in</em></strong></span> <span class='ocrx_word' id='word_1_23' title='bbox 2361 534 2573 595; x_wconf 76' lang='lat' dir='ltr'><strong><em>forma</em></strong></span> 
     </span>
     <span class='ocr_line' id='line_1_6' title="bbox 608 636 2407 711; baseline 0.001 -16"><span class='ocrx_word' id='word_1_24' title='bbox 608 636 866 711; x_wconf 85' lang='lat' dir='ltr'><strong><em>genuina</em></strong></span> <span class='ocrx_word' id='word_1_25' title='bbox 908 636 1273 697; x_wconf 74' lang='lat' dir='ltr'><strong><em>restituenda</em></strong></span> <span class='ocrx_word' id='word_1_26' title='bbox 1314 655 1531 698; x_wconf 83' lang='lat' dir='ltr'><strong><em>vereor</em></strong></span> <span class='ocrx_word' id='word_1_27' title='bbox 1572 655 1650 699; x_wconf 89' lang='lat' dir='ltr'><strong><em>ne</em></strong></span> <span class='ocrx_word' id='word_1_28' title='bbox 1694 636 1914 697; x_wconf 73' lang='lat' dir='ltr'><strong><em>frusta-a</em></strong></span> <span class='ocrx_word' id='word_1_29' title='bbox 1958 637 2407 698; x_wconf 71' lang='lat' dir='ltr'><strong><em>elaboraverim.</em></strong></span> 
     </span>
    </p>

    <p class='ocr_par' dir='ltr' id='par_1_5' title="bbox 606 732 2571 1021">
     <span class='ocr_line' id='line_1_7' title="bbox 631 732 2567 820; baseline 0.001 -21"><span class='ocrx_word' id='word_1_30' title='bbox 631 732 1015 817; x_wconf 81' lang='grc' dir='ltr'><strong><em>Λεπτοϋφὴς</em></strong></span> <span class='ocrx_word' id='word_1_31' title='bbox 1057 738 1135 813; x_wconf 78' lang='grc' dir='ltr'><strong><em>ἐς</em></strong></span> <span class='ocrx_word' id='word_1_32' title='bbox 1179 734 1605 819; x_wconf 86' lang='grc' dir='ltr'><strong><em>πρόφασιν</em></strong></span> <span class='ocrx_word' id='word_1_33' title='bbox 1636 735 1825 820; x_wconf 80' lang='grc' dir='ltr'><strong><em>ἐσθὴς</em></strong></span> <span class='ocrx_word' id='word_1_34' title='bbox 1855 736 2017 820; x_wconf 70' lang='grc' dir='ltr'><strong><em>ὑπὲρ</em></strong></span> <span class='ocrx_word' id='word_1_35' title='bbox 2060 746 2183 803; x_wconf 88' lang='grc' dir='ltr'><strong><em>τοῦ</em></strong></span> <span class='ocrx_word' id='word_1_36' title='bbox 2212 743 2427 803; x_wconf 92' lang='grc' dir='ltr'><strong><em>δοκεῖν</em></strong></span> <span class='ocrx_word' id='word_1_37' title='bbox 2460 737 2567 819; x_wconf 85' lang='grc' dir='ltr'><strong><em>μὴ</em></strong></span> 
     </span>
     <span class='ocr_line' id='line_1_8' title="bbox 607 835 2571 921; baseline 0.001 -20"><span class='ocrx_word' id='word_1_38' title='bbox 607 845 1060 918; x_wconf 74' lang='grc' dir='ltr'><strong><em>γεγυμνῶσθαι</em></strong></span> <span class='ocrx_word' id='word_1_39' title='bbox 1089 835 1116 921; x_wconf 87' lang='grc' dir='ltr'><strong><em>ΙΙ</em></strong></span> <span class='ocrx_word' id='word_1_40' title='bbox 1147 840 1260 901; x_wconf 85' lang='lat' dir='ltr'><strong><em>Bk.</em></strong></span> <span class='ocrx_word' id='word_1_41' title='bbox 1295 840 1441 901; x_wconf 81' lang='lat' dir='ltr'>Ddf.</span> <span class='ocrx_word' id='word_1_42' title='bbox 1472 840 1637 903; x_wconf 82' lang='lat' dir='ltr'><strong><em>det.</em></strong></span> <span class='ocrx_word' id='word_1_43' title='bbox 1704 842 1772 900; x_wconf 91' lang='lat' dir='ltr'><strong><em>In</em></strong></span> <span class='ocrx_word' id='word_1_44' title='bbox 1802 837 1877 901; x_wconf 79' lang='grc' dir='ltr'><strong>Ω</strong></span> <span class='ocrx_word' id='word_1_45' title='bbox 1896 840 2180 901; x_wconf 81' lang='lat' dir='ltr'><strong><em>PHarl.</em></strong></span> <span class='ocrx_word' id='word_1_46' title='bbox 2210 842 2433 903; x_wconf 78' lang='lat' dir='ltr'><strong><em>omissa</em></strong></span> <span class='ocrx_word' id='word_1_47' title='bbox 2464 849 2571 903; x_wconf 83' lang='lat' dir='ltr'><strong><em>eat</em></strong></span> 
     </span>
     <span class='ocr_line' id='line_1_9' title="bbox 606 942 2567 1021; baseline 0.001 -18"><span class='ocrx_word' id='word_1_48' title='bbox 606 944 878 1021; x_wconf 78' lang='lat' dir='ltr'><strong><em>negatio;</em></strong></span> <span class='ocrx_word' id='word_1_49' title='bbox 922 942 1066 1003; x_wconf 89' lang='lat' dir='ltr'><strong><em>mihi</em></strong></span> <span class='ocrx_word' id='word_1_50' title='bbox 1109 942 1267 1021; x_wconf 85' lang='lat' dir='ltr'><strong><em>(enm</em></strong></span> <span class='ocrx_word' id='word_1_51' title='bbox 1307 944 1589 1005; x_wconf 85' lang='lat' dir='ltr'><strong><em>Bekkero</em></strong></span> <span class='ocrx_word' id='word_1_52' title='bbox 1634 948 1695 1004; x_wconf 93' lang='lat' dir='ltr'><strong><em>et</em></strong></span> <span class='ocrx_word' id='word_1_53' title='bbox 1736 942 2065 1019; x_wconf 76' lang='lat' dir='ltr'><strong><em>Dindorfio)</em></strong></span> <span class='ocrx_word' id='word_1_54' title='bbox 2106 945 2421 1005; x_wconf 81' lang='lat' dir='ltr'><strong><em>retinenda</em></strong></span> <span class='ocrx_word' id='word_1_55' title='bbox 2468 947 2567 1005; x_wconf 80' lang='lat' dir='ltr'><strong><em>vi·</em></strong></span> 
     </span>
    </p>
   </div>
   <div class='ocr_carea' id='block_1_5' title="bbox 555 1041 2566 1127">
    <p class='ocr_par' dir='ltr' id='par_1_6' title="bbox 555 1041 2566 1127">
     <span class='ocr_line' id='line_1_10' title="bbox 555 1041 2566 1127; baseline 0.001 -22"><span class='ocrx_word' id='word_1_56' title='bbox 555 1049 570 1065; x_wconf 85' lang='grc'><em>·</em></span> <span class='ocrx_word' id='word_1_57' title='bbox 609 1046 810 1123; x_wconf 85' lang='lat' dir='ltr'><strong><em>detur,</em></strong></span> <span class='ocrx_word' id='word_1_58' title='bbox 867 1064 1044 1121; x_wconf 88' lang='lat' dir='ltr'><strong><em>quam</em></strong></span> <span class='ocrx_word' id='word_1_59' title='bbox 1097 1049 1336 1107; x_wconf 84' lang='lat' dir='ltr'><strong><em>tuentur</em></strong></span> <span class='ocrx_word' id='word_1_60' title='bbox 1399 1046 1587 1107; x_wconf 79' lang='lat' dir='ltr'><strong><em>verba</em></strong></span> <span class='ocrx_word' id='word_1_61' title='bbox 1640 1046 1715 1122; x_wconf 85' lang='grc' dir='ltr'><strong><em>ἐς</em></strong></span> <span class='ocrx_word' id='word_1_62' title='bbox 1773 1041 2212 1127; x_wconf 82' lang='grc' dir='ltr'><strong><em>πρόφασιν.</em></strong></span> <span class='ocrx_word' id='word_1_63' title='bbox 2318 1047 2566 1123; x_wconf 81' lang='lat' dir='ltr'><strong><em>Nempe</em></strong></span> 
     </span>
    </p>
   </div>
   <div class='ocr_carea' id='block_1_6' title="bbox 398 1560 583 1617">
    <p class='ocr_par' dir='ltr' id='par_1_7' title="bbox 398 1560 583 1617">
     <span class='ocr_line' id='line_1_11' title="bbox 398 1560 583 1617; baseline 0.005 -2"><span class='ocrx_word' id='word_1_64' title='bbox 398 1574 452 1616; x_wconf 83' lang='lat' dir='ltr'><strong><em>e.</em></strong></span> <span class='ocrx_word' id='word_1_65' title='bbox 485 1560 583 1617; x_wconf 84' lang='lat'><strong><em>42.</em></strong></span> 
     </span>
    </p>
   </div>
   <div class='ocr_carea' id='block_1_7' title="bbox 399 2378 586 2654">
    <p class='ocr_par' dir='ltr' id='par_1_8' title="bbox 399 2378 586 2654">
     <span class='ocr_line' id='line_1_12' title="bbox 399 2378 586 2438; baseline 0.016 -3"><span class='ocrx_word' id='word_1_66' title='bbox 399 2394 456 2437; x_wconf 86' lang='lat' dir='ltr'><strong><em>e.</em></strong></span> <span class='ocrx_word' id='word_1_67' title='bbox 489 2378 586 2438; x_wconf 81' lang='lat'><strong><em>42.</em></strong></span> 
     </span>
     <span class='ocr_line' id='line_1_13' title="bbox 401 2482 586 2544; baseline 0.011 -4"><span class='ocrx_word' id='word_1_68' title='bbox 401 2496 454 2544; x_wconf 82' lang='lat' dir='ltr'><strong><em>e.</em></strong></span> <span class='ocrx_word' id='word_1_69' title='bbox 489 2482 586 2542; x_wconf 81' lang='lat'><strong><em>43.</em></strong></span> 
     </span>
     <span class='ocr_line' id='line_1_14' title="bbox 401 2587 585 2654; baseline -0.011 -7"><span class='ocrx_word' id='word_1_70' title='bbox 401 2611 451 2654; x_wconf 79' lang='grc' dir='ltr'><strong><em>ο.</em></strong></span> <span class='ocrx_word' id='word_1_71' title='bbox 489 2587 585 2645; x_wconf 90' lang='grc'><strong><em>44.</em></strong></span> 
     </span>
    </p>
   </div>
   <div class='ocr_carea' id='block_1_8' title="bbox 407 3817 593 3875">
    <p class='ocr_par' dir='ltr' id='par_1_9' title="bbox 407 3817 593 3875">
     <span class='ocr_line' id='line_1_15' title="bbox 407 3817 593 3875; baseline 0.011 -2"><span class='ocrx_word' id='word_1_72' title='bbox 407 3832 463 3873; x_wconf 86' lang='lat' dir='ltr'><strong><em>e.</em></strong></span> <span class='ocrx_word' id='word_1_73' title='bbox 497 3817 593 3875; x_wconf 86' lang='lat'><strong><em>45.</em></strong></span> 
     </span>
    </p>
   </div>
   <div class='ocr_carea' id='block_1_9' title="bbox 607 1146 2580 4096">
    <p class='ocr_par' dir='ltr' id='par_1_10' title="bbox 607 1146 2571 1534">
     <span class='ocr_line' id='line_1_16' title="bbox 607 1146 2567 1226; baseline 0.002 -19"><span class='ocrx_word' id='word_1_74' title='bbox 607 1146 866 1208; x_wconf 82' lang='lat' dir='ltr'><strong><em>feminae</em></strong></span> <span class='ocrx_word' id='word_1_75' title='bbox 921 1152 986 1207; x_wconf 89' lang='lat' dir='ltr'><strong><em>nt</em></strong></span> <span class='ocrx_word' id='word_1_76' title='bbox 1039 1164 1176 1209; x_wconf 77' lang='lat' dir='ltr'><strong><em>aeae</em></strong></span> <span class='ocrx_word' id='word_1_77' title='bbox 1230 1166 1350 1209; x_wconf 89' lang='lat' dir='ltr'><strong><em>non</em></strong></span> <span class='ocrx_word' id='word_1_78' title='bbox 1406 1165 1541 1209; x_wconf 74' lang='lat' dir='ltr'><strong><em>esee</em></strong></span> <span class='ocrx_word' id='word_1_79' title='bbox 1584 1148 1777 1209; x_wconf 79' lang='lat' dir='ltr'><strong><em>nudas</em></strong></span> <span class='ocrx_word' id='word_1_80' title='bbox 1821 1153 2222 1226; x_wconf 80' lang='lat' dir='ltr'><strong><em>excusent,</em></strong></span> <span class='ocrx_word' id='word_1_81' title='bbox 2284 1152 2567 1224; x_wconf 83' lang='lat' dir='ltr'><strong><em>quamvis</em></strong></span> 
     </span>
     <span class='ocr_line' id='line_1_17' title="bbox 607 1252 2571 1328; baseline 0.001 -19"><span class='ocrx_word' id='word_1_82' title='bbox 607 1252 726 1310; x_wconf 76' lang='lat' dir='ltr'><strong><em>sint</em></strong></span> <span class='ocrx_word' id='word_1_83' title='bbox 740 1294 757 1328; x_wconf 90' lang='lat'>,</span> <span class='ocrx_word' id='word_1_84' title='bbox 821 1252 1166 1311; x_wconf 75' lang='lat' dir='ltr'><strong><em>tenuissima</em></strong></span> <span class='ocrx_word' id='word_1_85' title='bbox 1221 1254 1460 1311; x_wconf 82' lang='lat' dir='ltr'><strong><em>utuntur</em></strong></span> <span class='ocrx_word' id='word_1_86' title='bbox 1515 1254 1685 1311; x_wconf 76' lang='lat' dir='ltr'><strong><em>veste</em></strong></span> <span class='ocrx_word' id='word_1_87' title='bbox 1705 1296 1720 1327; x_wconf 90' lang='lat'><strong><em>,</em></strong></span> <span class='ocrx_word' id='word_1_88' title='bbox 1778 1269 1931 1327; x_wconf 80' lang='lat' dir='ltr'><strong><em>quae</em></strong></span> <span class='ocrx_word' id='word_1_89' title='bbox 1988 1269 2187 1327; x_wconf 84' lang='lat' dir='ltr'><strong><em>paene</em></strong></span> <span class='ocrx_word' id='word_1_90' title='bbox 2242 1252 2406 1310; x_wconf 89' lang='lat' dir='ltr'><strong><em>nulla</em></strong></span> <span class='ocrx_word' id='word_1_91' title='bbox 2470 1256 2571 1312; x_wconf 78' lang='lat' dir='ltr'><strong><em>est</em></strong></span> 
     </span>
     <span class='ocr_line' id='line_1_18' title="bbox 609 1348 2567 1433; baseline 0.001 -18"><span class='ocrx_word' id='word_1_92' title='bbox 609 1384 692 1397; x_wconf 90' lang='grc'><strong>-</strong></span> <span class='ocrx_word' id='word_1_93' title='bbox 735 1359 1110 1427; x_wconf 82' lang='grc' dir='ltr'><strong><em>πολυτελεῖς</em></strong></span> <span class='ocrx_word' id='word_1_94' title='bbox 1167 1355 1246 1415; x_wconf 79' lang='grc' dir='ltr'><strong><em>δὲ</em></strong></span> <span class='ocrx_word' id='word_1_95' title='bbox 1289 1358 1454 1415; x_wconf 79' lang='grc' dir='ltr'><strong><em>τῶν</em></strong></span> <span class='ocrx_word' id='word_1_96' title='bbox 1510 1350 1882 1432; x_wconf 79' lang='grc' dir='ltr'><strong><em>αὐχένων</em></strong></span> <span class='ocrx_word' id='word_1_97' title='bbox 1928 1348 2118 1433; x_wconf 77' lang='grc' dir='ltr'><strong><em>ὅρμοι</em></strong></span> <span class='ocrx_word' id='word_1_98' title='bbox 2160 1359 2503 1416; x_wconf 73' lang='grc' dir='ltr'><strong><em>καθεῖνται</em></strong></span> <span class='ocrx_word' id='word_1_99' title='bbox 2548 1351 2567 1433; x_wconf 75' lang='grc' dir='ltr'><strong><em>ΙΙ</em></strong></span> 
     </span>
     <span class='ocr_line' id='line_1_19' title="bbox 611 1452 1401 1534; baseline -0.003 -18"><span class='ocrx_word' id='word_1_100' title='bbox 611 1455 692 1517; x_wconf 83' lang='grc' dir='ltr'><strong><em>ἐκ</em></strong></span> <span class='ocrx_word' id='word_1_101' title='bbox 735 1462 870 1518; x_wconf 79' lang='grc' dir='ltr'><strong><em>τῶν</em></strong></span> <span class='ocrx_word' id='word_1_102' title='bbox 915 1452 1206 1534; x_wconf 78' lang='grc' dir='ltr'><strong><em>αὐχένων</em></strong></span> <span class='ocrx_word' id='word_1_103' title='bbox 1253 1454 1401 1516; x_wconf 84' lang='lat' dir='ltr'><strong><em>Gob.</em></strong></span> 
     </span>
    </p>

    <p class='ocr_par' dir='ltr' id='par_1_11' title="bbox 609 1550 2569 2335">
     <span class='ocr_line' id='line_1_20' title="bbox 617 1550 2567 1638; baseline 0.001 -19"><span class='ocrx_word' id='word_1_104' title='bbox 617 1555 770 1633; x_wconf 83' lang='grc' dir='ltr'><strong><em>πᾶς</em></strong></span> <span class='ocrx_word' id='word_1_105' title='bbox 812 1552 1000 1632; x_wconf 84' lang='grc' dir='ltr'><strong><em>θεὸς</em></strong></span> <span class='ocrx_word' id='word_1_106' title='bbox 1023 1556 1102 1633; x_wconf 64' lang='grc'><strong><em>(9)</em></strong></span> <span class='ocrx_word' id='word_1_107' title='bbox 1147 1556 1497 1637; x_wconf 80' lang='grc' dir='ltr'><strong><em>ἐπιτρίβων</em></strong></span> <span class='ocrx_word' id='word_1_108' title='bbox 1540 1551 1698 1633; x_wconf 82' lang='grc' dir='ltr'><strong><em>τοὺς</em></strong></span> <span class='ocrx_word' id='word_1_109' title='bbox 1740 1552 2176 1638; x_wconf 78' lang='grc' dir='ltr'><strong><em>γεγαμηκότας</em></strong></span> <span class='ocrx_word' id='word_1_110' title='bbox 2220 1550 2317 1619; x_wconf 78' lang='grc' dir='ltr'><strong><em>ὧν</em></strong></span> <span class='ocrx_word' id='word_1_111' title='bbox 2361 1557 2567 1621; x_wconf 80' lang='grc' dir='ltr'><strong><em>ἐνίων</em></strong></span> 
     </span>
     <span class='ocr_line' id='line_1_21' title="bbox 612 1654 2565 1743; baseline 0.001 -26"><span class='ocrx_word' id='word_1_112' title='bbox 612 1703 627 1717; x_wconf 94' lang='grc'><strong><em>.</em></strong></span> <span class='ocrx_word' id='word_1_113' title='bbox 655 1703 670 1718; x_wconf 94' lang='grc'><strong><em>.</em></strong></span> <span class='ocrx_word' id='word_1_114' title='bbox 704 1660 806 1721; x_wconf 84' lang='grc' dir='ltr'><strong><em>ἐπὶ</em></strong></span> <span class='ocrx_word' id='word_1_115' title='bbox 835 1666 931 1743; x_wconf 76' lang='grc' dir='ltr'><strong><em>τῷ</em></strong></span> <span class='ocrx_word' id='word_1_116' title='bbox 962 1660 1216 1735; x_wconf 81' lang='grc' dir='ltr'><strong><em>ποιμένι</em></strong></span> <span class='ocrx_word' id='word_1_117' title='bbox 1245 1656 1272 1738; x_wconf 84' lang='grc' dir='ltr'><strong><em>ΙΙ</em></strong></span> <span class='ocrx_word' id='word_1_118' title='bbox 1304 1682 1366 1723; x_wconf 88' lang='grc' dir='ltr'><strong><em>π.</em></strong></span> <span class='ocrx_word' id='word_1_119' title='bbox 1400 1655 1637 1739; x_wconf 85' lang='grc' dir='ltr'><strong><em>θεατής</em></strong></span> <span class='ocrx_word' id='word_1_120' title='bbox 1668 1654 2031 1719; x_wconf 67' lang='grc' dir='ltr'><strong><em>ΩΓΗαῐΙ.</em></strong></span> <span class='ocrx_word' id='word_1_121' title='bbox 2104 1657 2374 1720; x_wconf 74' lang='lat' dir='ltr'><strong><em>Obscura</em></strong></span> <span class='ocrx_word' id='word_1_122' title='bbox 2401 1658 2565 1719; x_wconf 86' lang='lat' dir='ltr'><strong><em>haee</em></strong></span> 
     </span>
     <span class='ocr_line' id='line_1_22' title="bbox 611 1761 2569 1837; baseline 0.001 -16"><span class='ocrx_word' id='word_1_123' title='bbox 611 1779 806 1837; x_wconf 87' lang='lat' dir='ltr'><strong><em>neque</em></strong></span> <span class='ocrx_word' id='word_1_124' title='bbox 867 1762 990 1822; x_wconf 88' lang='lat' dir='ltr'><strong><em>ullo</em></strong></span> <span class='ocrx_word' id='word_1_125' title='bbox 1043 1761 1219 1822; x_wconf 86' lang='lat' dir='ltr'><strong><em>modo</em></strong></span> <span class='ocrx_word' id='word_1_126' title='bbox 1275 1761 1469 1822; x_wconf 84' lang='lat' dir='ltr'><strong><em>adhue</em></strong></span> <span class='ocrx_word' id='word_1_127' title='bbox 1526 1762 1833 1823; x_wconf 78' lang='lat' dir='ltr'><strong><em>illustrata.</em></strong></span> <span class='ocrx_word' id='word_1_128' title='bbox 1906 1762 2039 1822; x_wconf 86' lang='lat' dir='ltr'><strong><em>Hoe</em></strong></span> <span class='ocrx_word' id='word_1_129' title='bbox 2094 1762 2283 1822; x_wconf 81' lang='lat' dir='ltr'><strong><em>solum</em></strong></span> <span class='ocrx_word' id='word_1_130' title='bbox 2326 1767 2569 1822; x_wconf 76' lang='lat' dir='ltr'><strong><em>oonstat</em></strong></span> 
     </span>
     <span class='ocr_line' id='line_1_23' title="bbox 609 1858 2565 1941; baseline 0.001 -18"><span class='ocrx_word' id='word_1_131' title='bbox 609 1864 874 1924; x_wconf 82' lang='lat' dir='ltr'><strong><em>interiise</em></strong></span> <span class='ocrx_word' id='word_1_132' title='bbox 931 1863 1092 1923; x_wconf 86' lang='lat' dir='ltr'><strong><em>haud</em></strong></span> <span class='ocrx_word' id='word_1_133' title='bbox 1149 1881 1346 1941; x_wconf 84' lang='lat' dir='ltr'><strong><em>panea</em></strong></span> <span class='ocrx_word' id='word_1_134' title='bbox 1398 1868 1533 1925; x_wconf 82' lang='lat' dir='ltr'><strong><em>ante</em></strong></span> <span class='ocrx_word' id='word_1_135' title='bbox 1594 1858 1690 1927; x_wconf 79' lang='grc' dir='ltr'><strong><em>ὧν</em></strong></span> <span class='ocrx_word' id='word_1_136' title='bbox 1747 1864 1957 1927; x_wconf 80' lang='grc' dir='ltr'><strong><em>ἐνίων.</em></strong></span> <span class='ocrx_word' id='word_1_137' title='bbox 2034 1864 2284 1923; x_wconf 82' lang='lat' dir='ltr'><strong><em>Videtur</em></strong></span> <span class='ocrx_word' id='word_1_138' title='bbox 2326 1865 2427 1939; x_wconf 84' lang='lat' dir='ltr'><strong><em>agi</em></strong></span> <span class='ocrx_word' id='word_1_139' title='bbox 2486 1863 2565 1924; x_wconf 84' lang='lat' dir='ltr'><strong><em>de</em></strong></span> 
     </span>
     <span class='ocr_line' id='line_1_24' title="bbox 616 1965 2565 2043; baseline 0.001 -19"><span class='ocrx_word' id='word_1_140' title='bbox 616 1965 956 2026; x_wconf 81' lang='lat' dir='ltr'><strong><em>mulieribus</em></strong></span> <span class='ocrx_word' id='word_1_141' title='bbox 972 2010 988 2043; x_wconf 87' lang='lat'><em>,</em></span> <span class='ocrx_word' id='word_1_142' title='bbox 1043 1984 1199 2042; x_wconf 80' lang='lat' dir='ltr'><strong><em>quae</em></strong></span> <span class='ocrx_word' id='word_1_143' title='bbox 1249 1968 1419 2027; x_wconf 76' lang='lat' dir='ltr'><strong><em>solae</em></strong></span> <span class='ocrx_word' id='word_1_144' title='bbox 1479 1966 1698 2027; x_wconf 87' lang='lat' dir='ltr'><strong><em>adeunt</em></strong></span> <span class='ocrx_word' id='word_1_145' title='bbox 1748 1966 1975 2043; x_wconf 87' lang='lat' dir='ltr'><strong><em>templa</em></strong></span> <span class='ocrx_word' id='word_1_146' title='bbox 2026 1965 2409 2041; x_wconf 84' lang='lat' dir='ltr'><strong><em>quorumdum</em></strong></span> <span class='ocrx_word' id='word_1_147' title='bbox 2456 1965 2565 2026; x_wconf 82' lang='lat' dir='ltr'><strong><em>de·-</em></strong></span> 
     </span>
     <span class='ocr_line' id='line_1_25' title="bbox 613 2068 2564 2147; baseline -0.001 -20"><span class='ocrx_word' id='word_1_148' title='bbox 613 2085 809 2147; x_wconf 86' lang='lat' dir='ltr'><strong><em>orum,</em></strong></span> <span class='ocrx_word' id='word_1_149' title='bbox 869 2085 1117 2143; x_wconf 87' lang='lat' dir='ltr'><strong><em>quorum</em></strong></span> <span class='ocrx_word' id='word_1_150' title='bbox 1167 2086 1244 2129; x_wconf 93' lang='lat' dir='ltr'><strong><em>ne</em></strong></span> <span class='ocrx_word' id='word_1_151' title='bbox 1287 2070 1528 2129; x_wconf 88' lang='lat' dir='ltr'><strong><em>nomina</em></strong></span> <span class='ocrx_word' id='word_1_152' title='bbox 1570 2068 1811 2144; x_wconf 87' lang='lat' dir='ltr'><strong><em>quidem</em></strong></span> <span class='ocrx_word' id='word_1_153' title='bbox 1854 2068 2075 2128; x_wconf 76' lang='lat' dir='ltr'><strong><em>maritis</em></strong></span> <span class='ocrx_word' id='word_1_154' title='bbox 2120 2068 2360 2145; x_wconf 75' lang='lat' dir='ltr'><strong><em>cognita</em></strong></span> <span class='ocrx_word' id='word_1_155' title='bbox 2401 2072 2564 2146; x_wconf 80' lang='lat' dir='ltr'><strong><em>sunt,</em></strong></span> 
     </span>
     <span class='ocr_line' id='line_1_26' title="bbox 612 2168 2567 2246; baseline 0 -17"><span class='ocrx_word' id='word_1_156' title='bbox 612 2170 812 2245; x_wconf 87' lang='lat' dir='ltr'><strong><em>ibique</em></strong></span> <span class='ocrx_word' id='word_1_157' title='bbox 843 2172 1126 2245; x_wconf 78' lang='lat' dir='ltr'><strong><em>mysteria</em></strong></span> <span class='ocrx_word' id='word_1_158' title='bbox 1171 2170 1477 2231; x_wconf 75' lang='lat' dir='ltr'><strong><em>celebrant</em></strong></span> <span class='ocrx_word' id='word_1_159' title='bbox 1521 2170 1743 2231; x_wconf 79' lang='lat' dir='ltr'><strong><em>eisdem</em></strong></span> <span class='ocrx_word' id='word_1_160' title='bbox 1773 2172 2026 2231; x_wconf 80' lang='lat' dir='ltr'><strong><em>maxime</em></strong></span> <span class='ocrx_word' id='word_1_161' title='bbox 2067 2173 2365 2246; x_wconf 72' lang='lat' dir='ltr'><strong><em>suspecta.</em></strong></span> <span class='ocrx_word' id='word_1_162' title='bbox 2440 2168 2567 2231; x_wconf 83' lang='lat' dir='ltr'><strong><em>Sed</em></strong></span> 
     </span>
     <span class='ocr_line' id='line_1_27' title="bbox 613 2272 1701 2335; baseline 0.001 -2"><span class='ocrx_word' id='word_1_163' title='bbox 613 2277 774 2333; x_wconf 76' lang='lat' dir='ltr'><strong><em>certo</em></strong></span> <span class='ocrx_word' id='word_1_164' title='bbox 818 2275 1012 2333; x_wconf 89' lang='lat' dir='ltr'><strong><em>omnia</em></strong></span> <span class='ocrx_word' id='word_1_165' title='bbox 1057 2277 1261 2334; x_wconf 80' lang='lat' dir='ltr'><strong><em>carent</em></strong></span> <span class='ocrx_word' id='word_1_166' title='bbox 1303 2272 1701 2335; x_wconf 60' lang='lat' dir='ltr'><strong><em>fundamenta</em></strong></span> 
     </span>
    </p>

    <p class='ocr_par' dir='ltr' id='par_1_12' title="bbox 631 2371 1898 2457">
     <span class='ocr_line' id='line_1_28' title="bbox 631 2371 1898 2457; baseline 0 -18"><span class='ocrx_word' id='word_1_167' title='bbox 631 2371 1118 2457; x_wconf 76' lang='grc' dir='ltr'><strong><em>ἓτερόχρωτας</em></strong></span> <span class='ocrx_word' id='word_1_168' title='bbox 1149 2374 1173 2455; x_wconf 88' lang='grc' dir='ltr'><strong><em>ΙΙ</em></strong></span> <span class='ocrx_word' id='word_1_169' title='bbox 1205 2372 1709 2457; x_wconf 80' lang='grc' dir='ltr'><strong><em>ἐνερόχρωτας</em></strong></span> <span class='ocrx_word' id='word_1_170' title='bbox 1757 2374 1898 2439; x_wconf 77' lang='lat' dir='ltr'><strong><em>coh.</em></strong></span> 
     </span>
    </p>

    <p class='ocr_par' dir='ltr' id='par_1_13' title="bbox 614 2472 2580 3789">
     <span class='ocr_line' id='line_1_29' title="bbox 621 2472 2569 2559; baseline -0.003 -17"><span class='ocrx_word' id='word_1_171' title='bbox 621 2474 840 2542; x_wconf 85' lang='grc' dir='ltr'><strong><em>νόσων</em></strong></span> <span class='ocrx_word' id='word_1_172' title='bbox 879 2474 1401 2558; x_wconf 82' lang='grc' dir='ltr'><strong><em>χαλεπώτατος</em></strong></span> <span class='ocrx_word' id='word_1_173' title='bbox 1445 2473 1700 2556; x_wconf 87' lang='grc' dir='ltr'><strong><em>φθόνος</em></strong></span> <span class='ocrx_word' id='word_1_174' title='bbox 1729 2475 1746 2559; x_wconf 87' lang='grc' dir='ltr'><strong><em>ΙΙ</em></strong></span> <span class='ocrx_word' id='word_1_175' title='bbox 1772 2472 2204 2557; x_wconf 75' lang='grc' dir='ltr'><strong><em>χαλεπωτάτη</em></strong></span> <span class='ocrx_word' id='word_1_176' title='bbox 2258 2477 2371 2537; x_wconf 85' lang='lat' dir='ltr'><strong><em>Bk.</em></strong></span> <span class='ocrx_word' id='word_1_177' title='bbox 2416 2477 2569 2537; x_wconf 85' lang='lat' dir='ltr'>Ddf.</span> 
     </span>
     <span class='ocr_line' id='line_1_30' title="bbox 623 2576 2580 2663; baseline -0.002 -18"><span class='ocrx_word' id='word_1_178' title='bbox 623 2577 740 2661; x_wconf 75' lang='grc' dir='ltr'><strong><em>τὴν</em></strong></span> <span class='ocrx_word' id='word_1_179' title='bbox 798 2577 1024 2663; x_wconf 76' lang='grc' dir='ltr'><strong><em>ἱερὰν</em></strong></span> <span class='ocrx_word' id='word_1_180' title='bbox 1074 2576 1422 2660; x_wconf 76' lang='grc' dir='ltr'><strong><em>χλαμύδα</em></strong></span> <span class='ocrx_word' id='word_1_181' title='bbox 1476 2579 1500 2660; x_wconf 87' lang='grc' dir='ltr'><strong><em>ΙΙ</em></strong></span> <span class='ocrx_word' id='word_1_182' title='bbox 1552 2577 1671 2661; x_wconf 82' lang='grc' dir='ltr'><strong><em>τὴν</em></strong></span> <span class='ocrx_word' id='word_1_183' title='bbox 1718 2576 2063 2661; x_wconf 84' lang='grc' dir='ltr'><strong><em>στερεὰν</em></strong></span> <span class='ocrx_word' id='word_1_184' title='bbox 2120 2580 2331 2655; x_wconf 80' lang='lat' dir='ltr'>(det.)</span> <span class='ocrx_word' id='word_1_185' title='bbox 2378 2588 2580 2659; x_wconf 86' lang='grc' dir='ltr'><strong><em>χλα-</em></strong></span> 
     </span>
     <span class='ocr_line' id='line_1_31' title="bbox 615 2678 2576 2763; baseline -0.002 -14"><span class='ocrx_word' id='word_1_186' title='bbox 615 2689 795 2749; x_wconf 80' lang='grc' dir='ltr'><strong><em>νίδα</em></strong></span> <span class='ocrx_word' id='word_1_187' title='bbox 850 2683 1046 2763; x_wconf 85' lang='lat' dir='ltr'><strong><em>(Oob.)</em></strong></span> <span class='ocrx_word' id='word_1_188' title='bbox 1118 2684 1246 2743; x_wconf 79' lang='lat' dir='ltr'><strong><em>Etsi</em></strong></span> <span class='ocrx_word' id='word_1_189' title='bbox 1295 2683 1483 2759; x_wconf 87' lang='lat' dir='ltr'><strong><em>probe</em></strong></span> <span class='ocrx_word' id='word_1_190' title='bbox 1528 2685 1685 2762; x_wconf 77' lang='lat' dir='ltr'><strong><em>seio,</em></strong></span> <span class='ocrx_word' id='word_1_191' title='bbox 1744 2684 1919 2743; x_wconf 87' lang='lat' dir='ltr'><strong><em>etiam</em></strong></span> <span class='ocrx_word' id='word_1_192' title='bbox 1964 2683 2113 2742; x_wconf 80' lang='lat' dir='ltr'><strong><em>alias</em></strong></span> <span class='ocrx_word' id='word_1_193' title='bbox 2156 2700 2332 2742; x_wconf 79' lang='lat' dir='ltr'><strong><em>saera</em></strong></span> <span class='ocrx_word' id='word_1_194' title='bbox 2377 2678 2576 2762; x_wconf 75' lang='grc' dir='ltr'><strong><em>(ἱερὰ)</em></strong></span> 
     </span>
     <span class='ocr_line' id='line_1_32' title="bbox 621 2784 2577 2865; baseline -0.002 -19"><span class='ocrx_word' id='word_1_195' title='bbox 621 2788 916 2864; x_wconf 83' lang='lat' dir='ltr'><strong><em>appellari</em></strong></span> <span class='ocrx_word' id='word_1_196' title='bbox 945 2788 1315 2865; x_wconf 79' lang='lat' dir='ltr'><strong><em>vestimenta,</em></strong></span> <span class='ocrx_word' id='word_1_197' title='bbox 1359 2790 1560 2846; x_wconf 82' lang='lat' dir='ltr'><strong><em>tamen</em></strong></span> <span class='ocrx_word' id='word_1_198' title='bbox 1603 2785 1665 2845; x_wconf 83' lang='lat' dir='ltr'><strong><em>id</em></strong></span> <span class='ocrx_word' id='word_1_199' title='bbox 1709 2785 1847 2845; x_wconf 85' lang='lat' dir='ltr'><strong><em>huie</em></strong></span> <span class='ocrx_word' id='word_1_200' title='bbox 1889 2786 2047 2863; x_wconf 88' lang='lat' dir='ltr'><strong><em>loeo,</em></strong></span> <span class='ocrx_word' id='word_1_201' title='bbox 2092 2784 2193 2844; x_wconf 89' lang='lat' dir='ltr'><strong><em>nbi</em></strong></span> <span class='ocrx_word' id='word_1_202' title='bbox 2234 2785 2577 2859; x_wconf 75' lang='lat' dir='ltr'><strong>puellarum</strong></span> 
     </span>
     <span class='ocr_line' id='line_1_33' title="bbox 619 2888 2579 2967; baseline -0.001 -18"><span class='ocrx_word' id='word_1_203' title='bbox 619 2890 905 2950; x_wconf 83' lang='lat' dir='ltr'><strong><em>mollitiae</em></strong></span> <span class='ocrx_word' id='word_1_204' title='bbox 936 2888 1149 2948; x_wconf 87' lang='lat' dir='ltr'><strong><em>duritia</em></strong></span> <span class='ocrx_word' id='word_1_205' title='bbox 1177 2907 1495 2965; x_wconf 87' lang='lat' dir='ltr'><strong><em>puerorum</em></strong></span> <span class='ocrx_word' id='word_1_206' title='bbox 1524 2890 1862 2967; x_wconf 82' lang='lat' dir='ltr'><strong><em>opponitur,</em></strong></span> <span class='ocrx_word' id='word_1_207' title='bbox 1904 2906 2024 2949; x_wconf 90' lang='lat' dir='ltr'><strong><em>non</em></strong></span> <span class='ocrx_word' id='word_1_208' title='bbox 2056 2888 2352 2965; x_wconf 76' lang='lat' dir='ltr'><strong><em>convenit,</em></strong></span> <span class='ocrx_word' id='word_1_209' title='bbox 2398 2888 2579 2947; x_wconf 90' lang='lat' dir='ltr'><strong><em>immo</em></strong></span> 
     </span>
     <span class='ocr_line' id='line_1_34' title="bbox 624 2985 2576 3071; baseline 0.001 -21"><span class='ocrx_word' id='word_1_210' title='bbox 624 2992 745 3051; x_wconf 80' lang='lat' dir='ltr'><strong><em>levi</em></strong></span> <span class='ocrx_word' id='word_1_211' title='bbox 787 2992 1107 3051; x_wconf 81' lang='lat' dir='ltr'><strong><em>mutatione</em></strong></span> <span class='ocrx_word' id='word_1_212' title='bbox 1162 3009 1270 3066; x_wconf 90' lang='lat' dir='ltr'><strong><em>pro</em></strong></span> <span class='ocrx_word' id='word_1_213' title='bbox 1331 2985 1509 3071; x_wconf 74' lang='grc' dir='ltr'><strong><em>ἱερὰν</em></strong></span> <span class='ocrx_word' id='word_1_214' title='bbox 1552 2989 1869 3068; x_wconf 85' lang='lat' dir='ltr'><strong><em>legendum</em></strong></span> <span class='ocrx_word' id='word_1_215' title='bbox 1927 3006 2060 3049; x_wconf 81' lang='lat' dir='ltr'><strong><em>esse</em></strong></span> <span class='ocrx_word' id='word_1_216' title='bbox 2105 2988 2359 3049; x_wconf 79' lang='lat' dir='ltr'><strong><em>arbitror</em></strong></span> <span class='ocrx_word' id='word_1_217' title='bbox 2402 3004 2576 3051; x_wconf 85' lang='grc' dir='ltr'><strong><em>στε-</em></strong></span> 
     </span>
     <span class='ocr_line' id='line_1_35' title="bbox 621 3088 2579 3174; baseline -0.003 -18"><span class='ocrx_word' id='word_1_218' title='bbox 621 3088 845 3174; x_wconf 81' lang='grc' dir='ltr'><strong><em>ρεὰν,</em></strong></span> <span class='ocrx_word' id='word_1_219' title='bbox 893 3092 1054 3168; x_wconf 88' lang='lat' dir='ltr'><strong><em>quod</em></strong></span> <span class='ocrx_word' id='word_1_220' title='bbox 1100 3095 1276 3153; x_wconf 87' lang='lat' dir='ltr'><strong><em>etiam</em></strong></span> <span class='ocrx_word' id='word_1_221' title='bbox 1319 3112 1358 3152; x_wconf 88' lang='lat' dir='ltr'><strong><em>a</em></strong></span> <span class='ocrx_word' id='word_1_222' title='bbox 1399 3093 1648 3153; x_wconf 85' lang='lat' dir='ltr'><strong><em>Platone</em></strong></span> <span class='ocrx_word' id='word_1_223' title='bbox 1686 3092 1939 3155; x_wconf 84' lang='lat' dir='ltr'><strong><em>Phaedr.</em></strong></span> <span class='ocrx_word' id='word_1_224' title='bbox 1983 3094 2106 3152; x_wconf 86' lang='grc'><strong><em>239</em></strong></span> <span class='ocrx_word' id='word_1_225' title='bbox 2156 3090 2215 3154; x_wconf 82' lang='grc' dir='ltr'><strong><em>Ο.</em></strong></span> <span class='ocrx_word' id='word_1_226' title='bbox 2253 3093 2579 3167; x_wconf 84' lang='lat' dir='ltr'><strong><em>opponitur</em></strong></span> 
     </span>
     <span class='ocr_line' id='line_1_36' title="bbox 614 3189 2576 3279; baseline -0.002 -20"><span class='ocrx_word' id='word_1_227' title='bbox 614 3202 1037 3279; x_wconf 73' lang='grc' dir='ltr'><strong><em>μαλθακῷτ</em></strong></span> <span class='ocrx_word' id='word_1_228' title='bbox 1086 3191 1440 3276; x_wconf 77' lang='grc' dir='ltr'><strong><em>ὀφθήσεται</em></strong></span> <span class='ocrx_word' id='word_1_229' title='bbox 1470 3198 1537 3259; x_wconf 83' lang='grc' dir='ltr'><strong><em>δὲ</em></strong></span> <span class='ocrx_word' id='word_1_230' title='bbox 1566 3189 1909 3270; x_wconf 83' lang='grc' dir='ltr'><strong><em>μαλθακόν</em></strong></span> <span class='ocrx_word' id='word_1_231' title='bbox 1938 3217 2085 3257; x_wconf 85' lang='grc' dir='ltr'><strong><em>τινα</em></strong></span> <span class='ocrx_word' id='word_1_232' title='bbox 2117 3198 2226 3257; x_wconf 81' lang='grc' dir='ltr'><strong><em>καὶ</em></strong></span> <span class='ocrx_word' id='word_1_233' title='bbox 2270 3191 2353 3257; x_wconf 73' lang='grc' dir='ltr'><strong><em>ού</em></strong></span> <span class='ocrx_word' id='word_1_234' title='bbox 2400 3209 2576 3256; x_wconf 84' lang='grc' dir='ltr'><strong><em>στε-</em></strong></span> 
     </span>
     <span class='ocr_line' id='line_1_37' title="bbox 617 3292 2574 3379; baseline -0.002 -18"><span class='ocrx_word' id='word_1_235' title='bbox 617 3294 802 3379; x_wconf 88' lang='grc' dir='ltr'><strong><em>ρεὸν</em></strong></span> <span class='ocrx_word' id='word_1_236' title='bbox 839 3292 1078 3362; x_wconf 76' lang='grc' dir='ltr'><strong><em>διώκον</em></strong></span> <span class='ocrx_word' id='word_1_237' title='bbox 1109 3322 1163 3362; x_wconf 89' lang='grc' dir='ltr'><strong><em>κ.</em></strong></span> <span class='ocrx_word' id='word_1_238' title='bbox 1198 3322 1250 3361; x_wconf 91' lang='grc' dir='ltr'><strong><em>τ.</em></strong></span> <span class='ocrx_word' id='word_1_239' title='bbox 1286 3304 1339 3362; x_wconf 93' lang='grc' dir='ltr'><strong><em>λ.</em></strong></span> <span class='ocrx_word' id='word_1_240' title='bbox 1392 3296 1484 3360; x_wconf 80' lang='lat' dir='ltr'><strong><em>Of.</em></strong></span> <span class='ocrx_word' id='word_1_241' title='bbox 1515 3296 1784 3372; x_wconf 88' lang='lat' dir='ltr'><strong><em>Xenoph.</em></strong></span> <span class='ocrx_word' id='word_1_242' title='bbox 1821 3295 2037 3371; x_wconf 84' lang='lat' dir='ltr'><strong><em>Cyrop.</em></strong></span> <span class='ocrx_word' id='word_1_243' title='bbox 2072 3295 2215 3354; x_wconf 89' lang='lat' dir='ltr'><strong>VIII</strong></span> <span class='ocrx_word' id='word_1_244' title='bbox 2242 3299 2294 3359; x_wconf 91' lang='lat'><strong><em>8.</em></strong></span> <span class='ocrx_word' id='word_1_245' title='bbox 2326 3298 2380 3358; x_wconf 91' lang='lat'><strong><em>8.</em></strong></span> <span class='ocrx_word' id='word_1_246' title='bbox 2415 3300 2574 3371; x_wconf 85' lang='grc' dir='ltr'><strong><em>βου-</em></strong></span> 
     </span>
     <span class='ocr_line' id='line_1_38' title="bbox 618 3392 2577 3479; baseline -0.002 -16"><span class='ocrx_word' id='word_1_247' title='bbox 618 3396 882 3477; x_wconf 87' lang='grc' dir='ltr'><strong><em>λόμενοι</em></strong></span> <span class='ocrx_word' id='word_1_248' title='bbox 928 3396 1030 3463; x_wconf 82' lang='grc' dir='ltr'><strong><em>διὰ</em></strong></span> <span class='ocrx_word' id='word_1_249' title='bbox 1075 3395 1303 3463; x_wconf 85' lang='grc' dir='ltr'><strong><em>πόνων</em></strong></span> <span class='ocrx_word' id='word_1_250' title='bbox 1349 3404 1457 3461; x_wconf 82' lang='grc' dir='ltr'><strong><em>καὶ</em></strong></span> <span class='ocrx_word' id='word_1_251' title='bbox 1502 3401 1776 3479; x_wconf 77' lang='grc' dir='ltr'><strong><em>ἱδρῶτος</em></strong></span> <span class='ocrx_word' id='word_1_252' title='bbox 1804 3392 1885 3460; x_wconf 82' lang='grc' dir='ltr'><strong><em>τὰ</em></strong></span> <span class='ocrx_word' id='word_1_253' title='bbox 1918 3392 2181 3473; x_wconf 77' lang='grc' dir='ltr'><strong><em>σώματα</em></strong></span> <span class='ocrx_word' id='word_1_254' title='bbox 2212 3404 2577 3477; x_wconf 81' lang='grc' dir='ltr'><strong><em>στερεοῦ-</em></strong></span> 
     </span>
     <span class='ocr_line' id='line_1_39' title="bbox 620 3496 2577 3580; baseline -0.005 -13"><span class='ocrx_word' id='word_1_255' title='bbox 620 3511 806 3567; x_wconf 86' lang='grc' dir='ltr'><strong><em>σθαι</em></strong></span> <span class='ocrx_word' id='word_1_256' title='bbox 853 3538 934 3548; x_wconf 83' lang='grc'>-</span> <span class='ocrx_word' id='word_1_257' title='bbox 976 3500 1127 3567; x_wconf 77' lang='grc' dir='ltr'><strong><em>κᾶν</em></strong></span> <span class='ocrx_word' id='word_1_258' title='bbox 1173 3503 1234 3578; x_wconf 82' lang='grc' dir='ltr'><strong><em>ἐς</em></strong></span> <span class='ocrx_word' id='word_1_259' title='bbox 1264 3508 1586 3579; x_wconf 86' lang='grc' dir='ltr'><strong><em>μουσικοῦ</em></strong></span> <span class='ocrx_word' id='word_1_260' title='bbox 1618 3502 1722 3580; x_wconf 76' lang='grc' dir='ltr'><strong><em>δέῃ</em></strong></span> <span class='ocrx_word' id='word_1_261' title='bbox 1760 3507 2017 3578; x_wconf 83' lang='grc' dir='ltr'><strong><em>φοιτᾶν,</em></strong></span> <span class='ocrx_word' id='word_1_262' title='bbox 2051 3496 2312 3580; x_wconf 79' lang='grc' dir='ltr'><strong><em>εύμελὴς</em></strong></span> <span class='ocrx_word' id='word_1_263' title='bbox 2356 3496 2527 3580; x_wconf 83' lang='grc' dir='ltr'><strong><em>λύρα</em></strong></span> <span class='ocrx_word' id='word_1_264' title='bbox 2560 3542 2577 3557; x_wconf 95' lang='grc'><strong><em>.</em></strong></span> 
     </span>
     <span class='ocr_line' id='line_1_40' title="bbox 619 3602 2522 3679; baseline -0.002 -10"><span class='ocrx_word' id='word_1_265' title='bbox 619 3611 752 3669; x_wconf 81' lang='grc' dir='ltr'><strong><em>καὶ</em></strong></span> <span class='ocrx_word' id='word_1_266' title='bbox 798 3602 880 3669; x_wconf 80' lang='grc' dir='ltr'><strong><em>ἂν</em></strong></span> <span class='ocrx_word' id='word_1_267' title='bbox 925 3605 1086 3669; x_wconf 85' lang='lat' dir='ltr'><strong><em>det.</em></strong></span> <span class='ocrx_word' id='word_1_268' title='bbox 1159 3604 1308 3666; x_wconf 84' lang='lat' dir='ltr'><strong><em>Sunt</em></strong></span> <span class='ocrx_word' id='word_1_269' title='bbox 1353 3606 1507 3665; x_wconf 88' lang='lat' dir='ltr'><strong><em>enim</em></strong></span> <span class='ocrx_word' id='word_1_270' title='bbox 1538 3603 1653 3664; x_wconf 87' lang='lat' dir='ltr'><strong><em>duo</em></strong></span> <span class='ocrx_word' id='word_1_271' title='bbox 1700 3604 2003 3663; x_wconf 85' lang='lat' dir='ltr'><strong><em>enuntiata</em></strong></span> <span class='ocrx_word' id='word_1_272' title='bbox 2031 3604 2265 3679; x_wconf 84' lang='lat' dir='ltr'><strong><em>integra</em></strong></span> <span class='ocrx_word' id='word_1_273' title='bbox 2290 3606 2425 3664; x_wconf 82' lang='grc' dir='ltr'><strong><em>καὶ</em></strong></span> <span class='ocrx_word' id='word_1_274' title='bbox 2458 3653 2471 3665; x_wconf 94' lang='grc'><strong><em>.</em></strong></span> <span class='ocrx_word' id='word_1_275' title='bbox 2507 3653 2522 3665; x_wconf 95' lang='grc'><strong><em>.</em></strong></span> 
     </span>
     <span class='ocr_line' id='line_1_41' title="bbox 621 3704 2279 3789; baseline -0.006 -16"><span class='ocrx_word' id='word_1_276' title='bbox 621 3708 828 3786; x_wconf 79' lang='grc' dir='ltr'><strong><em>εὐμελ.</em></strong></span> <span class='ocrx_word' id='word_1_277' title='bbox 873 3704 1061 3789; x_wconf 83' lang='grc' dir='ltr'><strong><em>λύρα,</em></strong></span> <span class='ocrx_word' id='word_1_278' title='bbox 1109 3704 1191 3771; x_wconf 81' lang='grc' dir='ltr'><strong><em>ἂν</em></strong></span> <span class='ocrx_word' id='word_1_279' title='bbox 1238 3752 1253 3768; x_wconf 93' lang='grc'><strong><em>.</em></strong></span> <span class='ocrx_word' id='word_1_280' title='bbox 1285 3758 1298 3771; x_wconf 98' lang='grc'><strong><em>.</em></strong></span> <span class='ocrx_word' id='word_1_281' title='bbox 1336 3758 1349 3771; x_wconf 99' lang='grc'><strong><em>.</em></strong></span> <span class='ocrx_word' id='word_1_282' title='bbox 1401 3709 1504 3786; x_wconf 79' lang='grc' dir='ltr'><strong><em>δέῃ</em></strong></span> <span class='ocrx_word' id='word_1_283' title='bbox 1549 3711 1807 3783; x_wconf 82' lang='grc' dir='ltr'><strong><em>φοιτᾶν.</em></strong></span> <span class='ocrx_word' id='word_1_284' title='bbox 1876 3704 1961 3769; x_wconf 83' lang='lat' dir='ltr'><strong><em>Of.</em></strong></span> <span class='ocrx_word' id='word_1_285' title='bbox 2012 3705 2090 3764; x_wconf 85' lang='lat' dir='ltr'><strong><em>ad</em></strong></span> <span class='ocrx_word' id='word_1_286' title='bbox 2134 3723 2184 3767; x_wconf 84' lang='lat' dir='ltr'><strong><em>e.</em></strong></span> <span class='ocrx_word' id='word_1_287' title='bbox 2228 3709 2279 3764; x_wconf 93' lang='lat'><strong><em>1.</em></strong></span> 
     </span>
    </p>

    <p class='ocr_par' dir='ltr' id='par_1_14' title="bbox 621 3792 2576 4096">
     <span class='ocr_line' id='line_1_42' title="bbox 629 3792 2574 3891; baseline -0.002 -16"><span class='ocrx_word' id='word_1_288' title='bbox 629 3825 767 3887; x_wconf 87' lang='grc' dir='ltr'><strong><em>τοῖς</em></strong></span> <span class='ocrx_word' id='word_1_289' title='bbox 809 3808 986 3887; x_wconf 82' lang='grc' dir='ltr'><strong><em>μεθ’</em></strong></span> <span class='ocrx_word' id='word_1_290' title='bbox 1029 3806 1271 3891; x_wconf 73' lang='grc' dir='ltr'><strong><em>ἡμέραν</em></strong></span> <span class='ocrx_word' id='word_1_291' title='bbox 1313 3804 1624 3885; x_wconf 81' lang='grc' dir='ltr'><strong><em>καμάτοις</em></strong></span> <span class='ocrx_word' id='word_1_292' title='bbox 1669 3808 2003 3888; x_wconf 80' lang='grc' dir='ltr'><strong><em>ἐπηρεμῶν</em></strong></span> <span class='ocrx_word' id='word_1_293' title='bbox 2047 3807 2521 3883; x_wconf 78' lang='grc' dir='ltr'><strong><em>ἐπίφθονον</em></strong></span> <span class='ocrx_word' id='word_1_294' title='bbox 2552 3792 2574 3873; x_wconf 78' lang='lat' dir='ltr'>ss</span> 
     </span>
     <span class='ocr_line' id='line_1_43' title="bbox 622 3904 2569 3993; baseline -0.004 -16"><span class='ocrx_word' id='word_1_295' title='bbox 622 3921 775 3978; x_wconf 89' lang='grc' dir='ltr'><strong><em>καθ</em></strong></span> <span class='ocrx_word' id='word_1_296' title='bbox 796 3911 810 3932; x_wconf 86' lang='grc'><em>’</em></span> <span class='ocrx_word' id='word_1_297' title='bbox 861 3912 1103 3993; x_wconf 80' lang='grc' dir='ltr'><strong><em>ἡμέραν</em></strong></span> <span class='ocrx_word' id='word_1_298' title='bbox 1159 3935 1302 3987; x_wconf 90' lang='grc' dir='ltr'><strong><em>καμ.</em></strong></span> <span class='ocrx_word' id='word_1_299' title='bbox 1365 3912 1752 3986; x_wconf 80' lang='lat' dir='ltr'><strong><em>„quotidiani</em></strong></span> <span class='ocrx_word' id='word_1_300' title='bbox 1806 3909 2089 3971; x_wconf 53' lang='lat' dir='ltr'><strong><em>labor-ew</em></strong></span> <span class='ocrx_word' id='word_1_301' title='bbox 2140 3904 2189 3965; x_wconf 89' lang='grc' dir='ltr'><strong>Γ</strong></span> <span class='ocrx_word' id='word_1_302' title='bbox 2214 3908 2376 3971; x_wconf 87' lang='lat' dir='ltr'><strong><em>Harl.</em></strong></span> <span class='ocrx_word' id='word_1_303' title='bbox 2426 3958 2441 3972; x_wconf 94' lang='lat'>.</span> <span class='ocrx_word' id='word_1_304' title='bbox 2494 3956 2508 3970; x_wconf 89' lang='lat'>.</span> <span class='ocrx_word' id='word_1_305' title='bbox 2552 3970 2569 3983; x_wconf 71' lang='grc'><em>,</em></span> 
     </span>
     <span class='ocr_line' id='line_1_44' title="bbox 621 4008 2576 4096; baseline -0.005 -17"><span class='ocrx_word' id='word_1_306' title='bbox 621 4018 956 4096; x_wconf 80' lang='grc' dir='ltr'><strong><em>ἐπηρεμῶν</em></strong></span> <span class='ocrx_word' id='word_1_307' title='bbox 1015 4014 1540 4092; x_wconf 82' lang='grc' dir='ltr'><strong><em>[ἐπίφθονον]</em></strong></span> <span class='ocrx_word' id='word_1_308' title='bbox 1588 4012 1749 4076; x_wconf 87' lang='lat' dir='ltr'><strong><em>det.</em></strong></span> <span class='ocrx_word' id='word_1_309' title='bbox 1802 4012 2091 4085; x_wconf 84' lang='lat' dir='ltr'><strong><em>Quoniam</em></strong></span> <span class='ocrx_word' id='word_1_310' title='bbox 2148 4008 2402 4091; x_wconf 82' lang='grc' dir='ltr'><strong><em>ἠρεμεῖν</em></strong></span> <span class='ocrx_word' id='word_1_311' title='bbox 2452 4029 2576 4071; x_wconf 92' lang='lat' dir='ltr'><strong><em>non</em></strong></span> 
     </span>
    </p>
   </div>
  </div>
 </body>
</html>
