2750 4534
449 231 571 291 146
1341 232 1714 287 ΔΟΥΚΙΔΝΟΥ

454 401 672 468 εἰπεῖν
717 399 1118 489 ἐτόλμησαν,
1181 400 1294 480 οὓς
1337 405 1451 470 καὶ
1495 402 1791 486 μάλιστα
1836 399 2218 485 ἐθαύμαζον
2264 401 2430 469 θεὸν
2476 408 2605 485 μέν

451 530 603 571 τινα
645 510 937 593 τεχνίτην
980 506 1116 568 τῶν
1162 496 1336 570 όλων
1382 503 1808 593 ἐφιστάντας,
1856 497 1932 570 οὗ
1980 509 2478 585 προστιθέντας
2521 504 2601 570 δὲ

453 631 605 673 ουτε
671 598 836 673 οθεν
895 598 1070 693 ἥκων
1138 599 1291 672 ούτε
1347 597 1523 673 όπου
1588 604 1799 683 ἑστώς
1866 604 2110 671 ἕκαστα
2176 604 2602 673 ἐτεκταίνετο.

450 716 670 777 καίτοι
735 707 869 793 πρό
929 731 1004 793 γε
1059 711 1176 789 τῆς
1237 711 1358 774 τοῦ
1415 706 1672 787 παντὸς
1735 713 2052 794 γενέσεως
2110 701 2434 775 ἀδύνατον
2484 712 2599 776 καὶ

448 811 682 895 χρόνον
727 813 839 878 καὶ
882 809 1097 877 τόπον
1143 808 1458 876 ἐπινοεῖν.

625 917 929 979 ΕΤΑΙΡ.
1016 911 1232 978 Μάλα
1291 911 1510 993 τινάς,
1570 897 1624 977 ῶ
1676 918 2043 994 Μένιππε,
2102 912 2437 1000 τολμητὰς
2488 916 2601 979 καὶ

456 1012 1016 1098 θαυματοποιοὺς
1063 1009 1309 1098 ἄνδρας
1354 1017 1581 1100 λέγεις.

625 1120 851 1182 MEN.
948 1121 1032 1182 Τί
1090 1109 1181 1197 δ’,
1242 1115 1303 1182 εἰ
1349 1108 1733 1195 ἀκούσειας,
1794 1101 1847 1179 ῶ
1892 1115 2268 1199 θαυμάσιε,
2329 1122 2489 1201 περί
2528 1141 2603 1182 τε

458 1219 655 1286 ἰδεῶν
696 1220 807 1285 καὶ
855 1211 1230 1301 ἀσωμάτων
1277 1217 1318 1284 ἃ
1351 1217 1796 1302 διεξέρχονται
1840 1207 2068 1304 ἢτοὺς
2111 1221 2271 1303 περὶ
2314 1223 2433 1285 τοῦ
2480 1224 2603 1285 πέ-

457 1319 658 1406 ρατός
699 1344 773 1387 τε
816 1322 927 1387 καὶ
973 1314 1258 1406 ἀπείρου
1303 1319 1575 1405 λόγους,·
1629 1321 1740 1385 καὶ
1784 1318 1911 1406 γὰρ
1959 1306 2040 1386 αὖ
2084 1323 2192 1387 καὶ
2244 1320 2405 1408 αὕτη
2455 1346 2603 1387 νεα-

460 1422 599 1513 νικὴ
650 1416 875 1501 αὐτοῖς
917 1418 955 1509 ἡ
990 1421 1186 1511 μάχη,
1231 1436 1376 1501 τοῖς
1419 1422 1540 1505 μὲν
1575 1424 1751 1488 τέλει
1788 1421 1869 1489 τὸ
1905 1425 2045 1489 πᾶν
2089 1422 2605 1510 περιγράφουσι,

455 1540 598 1604 τοῖς
630 1526 701 1591 δὲ
734 1518 961 1603 ἀτελὲς
1002 1528 1200 1591 τοῦτο
1249 1520 1423 1591 εἶναι
1466 1522 2077 1609 ὑπολαμβάνουσιν.
2154 1518 2231 1591 οὗ
2262 1523 2392 1614 μὴν
2438 1517 2603 1591 ἀλλὰ

456 1630 567 1695 καὶ
626 1627 1072 1711 παμπόλλους
1125 1627 1301 1704 τινὲς
1360 1622 1533 1693 εἶναι
1590 1625 1746 1703 τοὺς
1799 1625 2088 1711 κόσμους
2144 1621 2607 1715 ἀπεφαίνοντο

458 1734 564 1798 καὶ
597 1734 730 1796 τῶν
776 1725 866 1807 ῶς
898 1732 1053 1812 περὶ
1099 1727 1246 1805 ἑνὸς
1279 1721 1496 1795 αὖτῶν
1538 1729 2023 1814 διαλεγομένων
2066 1735 2606 1814 κατεγίγνωσκον.

462 1833 682 1919 ἕτερος
729 1831 802 1897 δέ
843 1854 948 1907 τις
991 1824 1108 1897 οὐκ
1153 1829 1481 1920 εἰρηνικὸς
1525 1823 1687 1918 ἀνὴρ
1736 1830 2030 1913 πόλεμον
2074 1834 2205 1896 τῶν
2250 1823 2428 1896 ὅλων
2476 1858 2609 1897 πα-

391 1946 428 2000 9
459 1940 618 2018 τέρα
650 1929 822 1999 εἶναι
853 1931 1175 2012 ἐδόξαζεν.
1249 1939 1308 2001 9.
1356 1934 1512 2017 περὶ
1545 1933 1665 2015 μὲν
1693 1931 1819 2018 γὰρ
1863 1936 1996 1998 τῶν
2024 1936 2206 1999 θεῶν
2236 1939 2305 1998 τί
2328 1932 2454 2021 χρὴ
2502 1936 2607 1998 καὶ

462 2039 704 2120 λέγειν,·
748 2026 922 2101 ὅπου
967 2047 1109 2112 τοῖς
1150 2035 1271 2117 μὲν
1312 2028 1608 2119 ἀριθμός
1652 2059 1755 2111 τις
1783 2030 1818 2101 ὅ
1852 2033 2021 2112 θεὸς
2064 2022 2161 2119 ἦν,
2208 2036 2275 2101 οἱ
2322 2036 2395 2102 δὲ
2442 2036 2611 2102 κατὰ

461 2140 667 2203 κυνῶν
726 2139 1096 2226 καὶ.χηνῶν
1152 2140 1263 2204 καὶ
1309 2135 1669 2203 πλατάνων
1726 2134 2135 2221 ἐπώμνυντο.
2223 2139 2333 2204 καὶ
2378 2139 2449 2205 οἱ
2492 2140 2709 2223 μὲντω

461 2238 617 2317 τοὺς
674 2233 914 2317 ἀλλους
973 2232 1278 2317 ἅπαντας
1321 2239 1529 2317 θεοὺς
1586 2232 2053 2316 ἀπελάσαντες
2110 2238 2204 2305 ἐνὶ
2248 2239 2435 2327 μόνῳ
2494 2240 2613 2329 τὴν

462 2345 595 2407 τῶν
641 2340 812 2409 ὅλων
859 2335 1061 2428 ἀρχὴν
1109 2335 1461 2425 ἀπένεμον,
1508 2333 1680 2408 ὥστε
1723 2334 1935 2427 ἠρέμα
1979 2344 2086 2409 καὶ
2136 2336 2488 2423 ἄχθεσθαί
2530 2368 2613 2427 με

461 2442 789 2531 τοσαύτην
847 2442 1140 2528 ἀπορίαν
1196 2447 1381 2509 θεῶν
1438 2436 1792 2510 ἀκούοντα·
1854 2444 1919 2510 οἱ
1978 2443 2049 2510 δὲ
2106 2443 2397 2527 ἔμπαλιν
2459 2443 2613 2511 ἐπι·

466 2545 983 2633 δαψιλευόμενοι
1043 2546 1336 2623 πολλούς
1390 2570 1464 2611 τε
1510 2539 1751 2623 αὐτοὺς
1796 2540 2174 2634 ἀπέφαινον
2232 2549 2341 2613 καὶ
2390 2546 2612 2614 διελό-

462 2674 650 2733 μενοι
707 2647 824 2715 τόν
874 2654 995 2732 μέν
1049 2674 1200 2715 τινα
1247 2651 1518 2732 πρῶτον
1561 2646 1729 2714 θεὸν
1774 2647 2168 2729 ἐπεκάλουν,
2219 2662 2363 2727 τοῖς
2406 2649 2484 2715 δὲ
2528 2649 2610 2715 τὰ

466 2752 740 2836 δεύτερα
797 2753 908 2816 καὶ
967 2756 1160 2835 τρίτα
1220 2749 1450 2833 ἔνεμον
1504 2753 1625 2837 τῆς
1680 2749 2039 2838 θεότητος·
2100 2750 2200 2817 ἔτι
2246 2750 2318 2816 δὲ
2377 2752 2445 2818 οἱ
2491 2752 2614 2834 μὲν

466 2847 822 2937 ἀσώματόν
866 2877 934 2918 τι
975 2854 1083 2917 καὶ
1134 2847 1445 2939 ἄμορφον
1488 2846 1765 2936 ἡγοῦντο
1812 2848 1984 2919 εἶναι
2029 2850 2103 2918 τὸ
2152 2857 2378 2932 θεῖον,
2424 2854 2494 2921 οἱ
2542 2853 2614 2919 δὲ

464 2951 555 3032 ὡς
615 2956 773 3038 περὶ
833 2952 1142 3037 σώματος
1197 2948 1400 3020 αὐτοῦ
1460 2952 1853 3021 διενοοῦντο.
1946 2950 2088 3020 εἶτα
2139 2957 2250 3021 καὶ
2293 2970 2612 3038 προνοεῖν

461 3060 595 3121 τῶν
651 3048 813 3121 καθ’
877 3050 1052 3141 ἡμᾶς
1109 3054 1521 3141 πραγμάτων
1580 3048 1655 3121 οὗ
1717 3059 1927 3122 πᾶσιν
1984 3054 2251 3121 ἐδόκουν
2310 3056 2377 3123 οι
2434 3063 2613 3138 θεοί,

465 3150 609 3222 ἀλλ’
648 3142 819 3244 ησάν
848 3181 1023 3234 τινες
1053 3157 1119 3222 οι
1147 3160 1266 3243 τῆς
1297 3155 1655 3243 συμπάσης
1687 3156 2073 3239 ἐπιμελείας
2104 3150 2341 3234 αὐτους
2374 3150 2615 3245 ἀφιέν-

461 3284 602 3340 τες,
672 3249 900 3343 ω’σπερ
963 3254 1152 3345 ἡμεῖς
1207 3257 1548 3341 εἰώθαμεν
1608 3252 1929 3326 ἀπολύειν
1994 3262 2126 3325 τῶν
2185 3261 2617 3346 λειτουργιῶν

461 3386 617 3439 τους
668 3360 1170 3451 παρηβηκότας·
1233 3355 1421 3427 οὐδὲν
1478 3358 1601 3447 γὰρ
1654 3353 1759 3429 ότι
1815 3360 1903 3445 μὴ
1950 3374 2093 3439 τοῖς
2136 3375 2455 3445 κωμικοῖς
2504 3364 2613 3429 δο-

380 3506 388 3513 »
463 3463 930 3553 ρυφορήμασιν
977 3462 1276 3539 ἐοικότας
1322 3456 1562 3540 αὐτοὺς
1609 3462 2006 3549 εἰσάγουσιν.
2082 3462 2251 3529 ἔνιοι
2296 3463 2368 3529 δὲ
2398 3469 2613 3532 ταῦτα

463 3565 689 3632 πάντα
731 3560 1141 3650 ὑπερβάντες
1189 3558 1342 3630 οὐδὲ
1378 3562 1497 3648 τὴν
1530 3558 1730 3651 ἀρχὴν
1777 3560 1949 3631 εἶναι
1977 3564 2182 3642 θεούς
2224 3588 2413 3641 τινας
2464 3564 2612 3632 ἐπί-

466 3692 731 3751 στευον,
811 3660 959 3733 ἀλλ’
1041 3660 1419 3733 ἀδέσποτον
1492 3670 1602 3734 καὶ
1679 3661 2197 3755 ἀνηγεμόνευτον
2271 3671 2613 3755 φέρεσθαι
2630 3680 2705 3731 761

359 3778 431 3835 10
465 3770 578 3837 τὸν
633 3768 882 3851 κόσμον
943 3763 1432 3852 ἀπελίμπανον.
1528 3775 1626 3835 10.
1682 3768 2025 3855 τοιγάρτοι
2087 3772 2297 3835 ταῦτα
2354 3761 2613 3838 ἀκούων

466 3866 776 3937 ἀπιστεῖν
820 3872 941 3955 μὲν
985 3865 1099 3938 οὐκ
1131 3869 1427 3955 ἐτόλμων
1472 3866 1957 3956 ὑψιβρεμέταις
1988 3895 2063 3937 τε
2090 3873 2200 3937 καὶ
2246 3864 2615 3957 ἠϋγενείοις

466 3967 817 4058 ἀνδράσιν·
879 3968 953 4041 οὗ
997 3972 1126 4063 μὴν
1186 3970 1359 4055 εἶχόν
1418 3999 1492 4059 γε
1536 3964 1701 4040 ὅποι
1756 3976 1890 4038 τῶν
1936 3972 2145 4057 λόγων
2189 3972 2614 4059 τραπόμενος
