2750 4534
489 288 570 344 52
1371 286 1747 340 Aorsslfflor

657 461 759 522 27.
807 463 1054 524 Καίτοι
1083 454 1167 522 τὰ
1211 456 1332 540 μὲν
1377 462 1497 544 τῆς
1525 458 1792 544 μορφῆς
1836 453 1933 521 ἔτι
1964 455 2395 542 μετριώτερα,
2442 457 2507 523 εἷ
2536 463 2687 532 τιςῖἲ

487 563 635 645 θεῷ
680 559 966 627 ἐοικέναι
1012 559 1302 644 λέγεται·
1364 552 1533 624 ἀλλὰ
1590 555 1713 636 τὰς
1756 563 2213 646 προσηγορίας
2266 552 2470 637 αὗτάς
2512 559 2623 626 πό·
2712 629 2714 634 .

488 685 597 728 σοι
642 660 1052 748 ἐμιμήσαντο
1103 660 1226 737 τὰς
1282 663 1417 726 τῶν
1460 663 1645 726 θεῶν
1688 659 2045 728 Διονύσιοι
2083 663 2194 727 καὶ
2232 656 2623 748 Ἠφαιστίω-
2712 649 2714 706 ἷ

490 787 595 841 νες
638 765 749 830 καὶ
795 760 1100 850 Ζήνωνες
1156 763 1264 828 καὶ
1312 759 1766 829 Ποσειδώνιοι
1813 763 1924 829 καὶ
1961 757 2261 846 Ἑρμαῖοι
2304 785 2623 848 προσαγο·

383 876 471 925 506
492 864 874 949 ρευόμενοι,·
944 861 1160 951 Λητώ
1238 863 1311 930 δὲ
1382 862 1539 951 γυνή
1613 887 1719 941 τις
1792 861 2045 948 ἐγένετο
2114 857 2455 951 Εὐαγόρου
2524 865 2623 930 τοῦ

489 972 816 1051 Κυπρίων
874 967 1240 1052 βασιλέως,
1298 967 1412 1032 καὶ
1470 957 1654 1047 ὅμως
1710 958 1829 1030 οὐκ
1882 957 2327 1053 ἠγανάκτησεν
2383 961 2422 1050 ἦ
2480 963 2625 1040 θεὸς
2712 977 2714 1026 3

490 1067 813 1155 δυναμένη
863 1068 1063 1134 λίθον
1111 1060 1314 1156 αὐτὴν
1357 1059 1592 1151 ὥσπερ
1635 1065 1753 1155 τὴν
1790 1066 2051 1154 Νιόβην
2096 1061 2622 1153 ἀπεργάσασθαι.

489 1169 578 1236 ἐῶ
622 1168 747 1255 γὰρ
805 1169 961 1247 τοὺς
1011 1168 1471 1254 Αἰγυπτίους,
1529 1168 1728 1255 οἵπερ
1783 1171 1895 1236 καὶ
1954 1168 2625 1253 δεισιδαιμονέστατοί
2712 1153 2714 1164 ’

491 1270 623 1337 εἰσι
666 1269 961 1351 πάντων,
1007 1263 1191 1355 ὅμως
1233 1284 1380 1348 τοῖς
1406 1274 1630 1349 θείοις
1665 1263 1990 1353 ὀνόμασιν
2033 1269 2101 1349 ἐς
2130 1270 2324 1354 κόρον
2355 1269 2623 1354 ἐπιχρω-

487 1377 760 1455 μένους·
810 1372 1042 1457 σχεδὸν
1085 1375 1240 1458 γοῦν
1289 1398 1372 1438 τα
1419 1373 1709 1439 πλεῖστα
1740 1365 1971 1450 αυτοῖς
2012 1366 2085 1451 ἒξ
2116 1365 2399 1458 ούρανοῦ
2446 1367 2621 1438 ἐστιν.

489 1479 589 1541 28.
639 1467 810 1541 ὥστε
855 1468 931 1541 οὖ
977 1477 1150 1560 πρός
1189 1498 1264 1560 γε
1309 1477 1429 1540 σοῦ
1473 1471 1547 1540 τὸ
1594 1477 1931 1555 τοιοῦτον,
1978 1473 2343 1560 ψοφοδεῶς
2390 1475 2618 1540 διακεῑ·
2643 1476 2686 1530 28

492 1582 664 1643 σθαι
730 1575 904 1661 πρὸς
959 1575 1076 1643 τὸν
1138 1575 1454 1643 ε’παινον·
1517 1575 1576 1641 εἰ
1632 1575 1758 1662 γάρ
1812 1602 1881 1643 τι
1927 1600 1995 1642 εν
2044 1579 2144 1662 τῷ
2189 1576 2623 1661 συγγράμματι

489 1679 1053 1766 πεπλημμέληται
1111 1676 1183 1756 ἐς
1240 1677 1315 1744 τὸ
1377 1682 1609 1757 θεῖον,
1678 1677 1757 1744 σύ
1815 1678 1936 1761 μὲν
1994 1672 2364 1756 ἀνεύθυνος
2426 1673 2623 1752 αὐτοῦ,

489 1778 676 1856 ἐκτὸς
736 1778 796 1845 εἰ
851 1779 941 1866 μή
985 1804 1136 1846 τινα
1181 1778 1470 1863 νομίζεις
1516 1773 1897 1864 ἀκροάσεως
1940 1772 2228 1867 εὖθύνην
2274 1776 2481 1860 εἶναι,
2532 1771 2624 1860 ἐμὲ

493 1882 565 1946 δὲ
610 1875 1018 1964 ἀμυνοῦνται
1078 1881 1143 1947 οἱ
1202 1886 1393 1962 θεοί,
1452 1875 1730 1948 ἐπειδὰν
1790 1880 1924 1965 πρὸ
1986 1874 2152 1965 ἐμοῦ
2209 1879 2326 1948 τὸν
2352 1874 2625 1968 (Όμηρον

489 1985 599 2049 καὶ
643 1982 802 2059 τοὺς
847 1978 1086 2061 ἄλλους
1137 1983 1429 2072 ποιητὰς
1485 1977 1885 2066 ἀμύνωνται.
1977 1977 2128 2049 ἀλλ’
2180 1976 2454 2049 οὐδέπω
2498 1975 2625 2049 οὐδὲ

488 2085 606 2150 τὸν
665 2080 943 2167 ἄριστον
998 2087 1134 2150 τῶν
1191 2085 1591 2173 φιλοσόφων
1646 2078 1977 2168 ἠμύναντο
2038 2084 2261 2152 εἰκόνα
2306 2089 2478 2152 θεοῦ
2530 2081 2624 2148 τὸν

493 2182 864 2270 ἄνθρωπον
898 2185 1180 2254 εἰπόντα
1213 2183 1405 2254 εἶναι.
1482 2185 1703 2253 πολλὰ
1750 2186 1850 2253 ἔτι
1895 2187 2059 2270 ἔχων
2090 2185 2263 2274 πρὸς
2306 2187 2381 2254 σὲ
2434 2186 2624 2253 εἰπεῖν

491 2288 970 2373 Πολυστράτου
1030 2289 1216 2356 ἕνεκα
1271 2289 1509 2356 τούτου
1566 2288 1947 2373 παύσομαι,
2007 2289 2121 2356 ἵνα
2176 2291 2285 2356 καὶ
2340 2282 2624 2373 ἀπομνη-

494 2395 815 2475 μονεῦσαι
862 2391 1120 2479 δυνηθῇ
1164 2390 1250 2456 τὰ
1297 2390 1629 2478 εἰρημένα.

661 2499 764 2559 29.
809 2497 1044 2561 HOA.
1145 2487 1282 2560 Ούκ
1338 2489 1493 2561 οἶδα
1549 2493 1615 2560 εἶ’
1666 2518 1784 2577 μοι
1825 2496 2023 2560 τοῦτο
2070 2491 2348 2559 δυνατὸν
2398 2494 2526 2572 ε’τι,
2577 2475 2685 2552 (1329

491 2602 780 2661 Λυκῖνε·
827 2593 1048 2679 μακρὰ
1092 2619 1218 2682 γαρ
1266 2595 1530 2682 εἴρηταί
1575 2617 1685 2660 σοι
1725 2597 1938 2660 ταῦτα
1981 2596 2093 2660 καὶ
2136 2589 2308 2677 ὑπὲρ
2342 2593 2422 2660 τὸ
2470 2585 2623 2673 υδωρ

490 2694 566 2762 τὸ
617 2695 1056 2780 ἐκκεχυμένον.
1144 2695 1561 2784 πειράσομαι
1624 2695 1696 2762 δὲ
1752 2687 1934 2778 όμως
1977 2693 2486 2784 ἐπιμνησθῆναι
2528 2685 2625 2758 αὖ·

386 2809 478 2861 507
495 2801 647 2864 τῶν.
736 2799 844 2864 καὶ
905 2793 996 2875 ὥς
1051 2792 1242 2886 ὁρᾷς,
1303 2793 1429 2886 ἤδη
1479 2792 1804 2881 ἆποσοβῶ
1847 2791 2017 2883 παρ’
2071 2790 2274 2884 αυτὴν
2320 2792 2624 2882 ἐπιβυσά-

488 2923 686 2981 μενος
742 2897 827 2963 τὰ
885 2884 1054 2979 ῶτα,
1115 2895 1206 2977 ῶς
1261 2899 1350 2987 μή
1412 2926 1482 2967 τι
1541 2897 1981 2986 παρεμπεσὸν
2038 2895 2201 2966 ἄλλο
2250 2904 2483 2987 συγχέῃ
2526 2894 2623 2982 τὴν

490 2999 680 3077 τάξιν
749 2993 996 3082 αυτῶν,
1073 2997 1217 3067 εἶτά
1282 3027 1403 3085 μοι
1468 3007 1910 3085 συρίττεσθαι
1981 3005 2201 3090 συμβῇ
2266 3001 2445 3087 πρὸς
2516 3003 2623 3067 τῶν

490 3105 780 3168 θεατῶν.

659 3209 880 3269 ΛΥΚ.
927 3196 1142 3290 Αὐτῷ
1190 3227 1300 3271 σοι
1341 3203 1635 3292 μελήσει,
1680 3190 1735 3269 ῶ
1772 3204 2225 3290 Πολύστρατε,
2272 3198 2465 3284 ὅπως
2495 3199 2621 3286 ἅρι-
2704 2995 2709 3302 ι

493 3329 618 3372 στα
648 3301 993 3393 ὑποκρίνῃ.
1069 3304 1194 3393 ἐγώ
1228 3306 1299 3372 δὲ
1331 3305 1615 3392 ἐπείπερ
1662 3299 1851 3386 ἅπαξ
1892 3330 2003 3375 σοι
2043 3305 2119 3373 τὸ
2156 3307 2374 3394 δρᾶμα
2419 3332 2621 3391 παρα·
2704 3387 2706 3394 Ι

491 3407 776 3489 δέδωκα,
836 3411 949 3473 νῦν
1003 3408 1126 3492 μὲν
1172 3406 1475 3476 ἐκποδῶν
1522 3402 2030 3495 ἀποστήσομαι·
2088 3404 2352 3475 ὁπόταν
2404 3409 2477 3475 δὲ
2518 3404 2619 3480 τὰς
2704 3409 2706 3418 ’

495 3509 766 3596 ψήφους
821 3503 1318 3598 ἆνακηρύττωσι
1372 3513 1507 3577 τῶν
1549 3513 1821 3596 κριτῶν,
1879 3510 2035 3577 τότε
2088 3506 2212 3597 ἤδη
2270 3512 2384 3577 καὶ
2442 3504 2618 3582 αὐτὸς

493 3616 877 3698 παρέσομαι
909 3605 1250 3699 ὀψόμενος
1281 3610 1526 3680 ὁποῖόν
1552 3639 1623 3680 τι
1652 3611 1724 3679 τὸ
1759 3614 1948 3690 τέλος
1991 3616 2111 3680 τοῦ
2144 3607 2399 3697 ἀγῶνος
2428 3612 2614 3679 ἕσται.

1357 3904 1769 3914 ᾕ-
2700 3779 2705 4000 1
