2750 4534
481 260 557 318 78
1345 263 1755 330 [ΛοΥκιΑΝοη

478 454 624 516 σεν,
671 425 870 509 αὐτὸς
917 433 988 498 δὲ
1035 427 1413 512 ἐκπετάσας
1452 436 1663 518 χαμαὶ
1708 431 1829 520 τὴν
1870 433 2125 519 βύρσαν
2170 436 2467 522 κάθηται
2509 430 2603 501 ἐπ’

477 526 680 618 αὐτῆς
724 529 793 611 ἐς
835 527 1141 601 τούπίσω
1187 534 1598 622 παραγαγὼν
1643 533 1736 601 τώ
1767 551 1947 620 χεῖρε
1991 535 2222 622 ὥσπερ
2266 539 2331 604 οἱ
2380 532 2454 604 ἐκ
2496 542 2609 604 τῶν

477 633 783 719 ἀγκώνων
830 634 1192 719 δεδεμένοι.
1268 639 1381 703 καὶ
1425 637 1621 702 τοῦτό
1670 633 1853 703 ἐστιν
1896 633 2053 725 ἡμῖν
2096 633 2133 725 ἦ
2174 645 2449 724 μεγίστη
2496 640 2607 703 ἱκε-

472 742 689 824 τηρία.
759 742 1264 823 παρακειμένων
1319 739 1391 805 δὲ
1436 742 1570 805 τῶν
1616 742 1823 824 κρεῶν
1868 742 1989 804 τοῖ
2029 738 2191 822 βοὸς
2236 739 2611 823 προσιόντες

473 840 540 905 οἱ
585 839 823 906 οἰκεῖοι
877 843 986 906 καὶ
1043 843 1177 906 τῶν
1237 835 1457 907 ἄλλων
1514 837 1550 906 5
1596 841 2005 926 βουλόμενος
2058 854 2301 925 μοῖραν
2358 841 2613 916 ἕκαστος

474 940 698 1024 λαβὼν
730 939 974 1026 ἐπιβὰς
1017 945 1103 1030 τῇ
1131 941 1341 1029 βύρσῃ
1388 941 1505 1009 τὸν
1538 941 1760 1020 δεξιὸν
1792 942 1976 1009 πόδα
2004 939 2430 1024 ὑπισχνεῖται
2463 941 2609 1010 κατὰ

474 1044 784 1125 δύναμιν,
832 1039 868 1110 5
913 1045 1037 1126 μὲν
1082 1049 1286 1111 πέντε
1333 1045 1591 1123 ἱππέας
1636 1044 1953 1129 παρέξειν
1999 1037 2271 1122 ἀσίτους
2311 1049 2429 1112 καὶ
2474 1039 2609 1127 ἆμί-

474 1151 718 1226 σθους,
765 1141 924 1211 ὁδὲ
971 1146 1156 1228 δέκα,
1203 1142 1238 1211 5
1289 1146 1362 1214 δὲ
1409 1142 1802 1226 πλείους,ὁ
1852 1146 1924 1212 δὲ
1969 1142 2256 1225 ὁπλίτας
2300 1137 2340 1235 ἢ
2388 1146 2607 1226 πεζοὺς

471 1242 769 1324 ὁπόσους
827 1275 906 1314 αν
967 1247 1269 1346 δύνηται,
1330 1244 1364 1314 ὁ
1430 1249 1501 1314 δὲ
1545 1248 1752 1332 μόνον
1810 1246 2051 1315 ἑαυτὸν
2104 1244 2139 1314 5
2200 1254 2606 1324 πενέστατος.

473 1345 867 1434 ἀθροίζεται
925 1347 1040 1416 οὖν
1085 1342 1202 1417 επὶ
1253 1353 1372 1437 τῆς
1414 1349 1664 1438 βύρσης
1722 1349 1896 1416 πολὺ
1946 1351 2216 1438 πλῆθος
2260 1345 2475 1416 ενίοτε
2514 1353 2608 1414 καὶ

425 1535 432 1542 ι
471 1449 546 1517 τὸ
607 1455 873 1519 τοιοῦτο
921 1451 1262 1536 σύνταγμα
1318 1452 1765 1536 βεβαιότατόν
1808 1456 1883 1517 τέ
1929 1475 2067 1518 εστι
2117 1467 2474 1535 συμμεῖναι
2514 1455 2605 1516 καὶ

405 1553 909 1646 ἀπρόσμαχον
954 1566 1098 1632 τοῖς
1129 1545 1403 1638 εχθροῖς
1446 1546 1564 1620 {ive
1593 1557 1707 1620 καὶ
1738 1553 2005 1639 ε’νορκον
2035 1549 2265 1620 ον·τό
2299 1553 2429 1640 γὰρ
2474 1579 2605 1619 επι-

467 1659 669 1743 βῆναι
733 1659 850 1741 τῆς
906 1655 1154 1741 βύρσης
1223 1647 1417 1740 όρκος
1474 1649 1671 1722 ἐστίν.
1763 1651 1797 1722 5
1858 1656 1980 1738 μὲν
2038 1641 2153 1722 ούν
2207 1654 2607 1742 Ἀρσακόμας

471 1782 539 1822 εν
583 1757 846 1834 τούτοις
890 1753 988 1840 ἠν.
1064 1760 1176 1824 καὶ
1220 1755 1701 1844 ἠθροίσθησαν
1762 1751 1944 1842 αὐτῷ
1992 1757 2229 1834 ἱππεὶς
2283 1758 2405 1841 μὲν
2452 1757 2605 1843 ἀμφὶ

469 1857 624 1936 τούς
657 1859 1251 1939 πεντακισχιλίους,
1299 1854 1578 1926 ὁπλῖται
1624 1859 1697 1926 δὲ
1740 1862 1853 1925 καὶ
1890 1858 2083 1938 πεζοὶ
2130 1858 2605 1944 συναμφότεροι

368 1972 442 2026 49
472 1959 830 2042 δισμύριοι.
901 1964 1000 2025 49.
1049 1955 1083 2025 5
1135 1960 1206 2026 δὲ
1251 1960 1612 2048 Λογχάτης
1658 1953 2098 2045 ἀγνοούμενος
2142 1959 2509 2049 παρελθὼν
2550 1953 2671 2035 ἒςῡὸὂ

467 2062 583 2128 τὸν
615 2056 976 2144 Βόσπορον
1009 2066 1452 2146 προσέρχεται
1496 2066 1593 2148 τῷ
1620 2064 1891 2147 βασιλεῖ
1935 2062 2367 2148 διοικουμένῳ
2414 2089 2479 2128 τι
2506 2068 2603 2146 τῆς

469 2162 667 2250 ἀρχῆς
724 2165 836 2230 καὶ
883 2166 1088 2252 φησὶν
1134 2163 1314 2253 ἥκειν
1358 2165 1480 2247 μὲν
1527 2162 1664 2230 άπὸ
1713 2167 1833 2230 τοῦ
1876 2168 2102 2230 κοινοῦ
2145 2168 2278 2231 τῶν
2322 2167 2601 2245 Σκυθῶν,

469 2266 611 2353 ἰδίᾳ
669 2266 740 2332 δὲ
788 2265 967 2352 αὐτῷ
1022 2266 1281 2352 μεγάλα
1339 2261 1707 2353 πράγματα
1750 2266 2056 2350 κομίζων.
2130 2270 2250 2333 τοῦ
2295 2267 2365 2333 δὲ
2413 2268 2601 2352 λέγειν

467 2368 928 2449 κελεύσαντος,
986 2369 1070 2436 Οἱ
1114 2370 1235 2451 μὲν
1281 2368 1576 2449 Σκύθαι,
1639 2375 1839 2456 φησί,
1893 2367 1978 2433 τὰ
2022 2367 2209 2436 κοινὰ
2255 2373 2466 2435 ταῦτα
2506 2369 2601 2432 καὶ
2708 2447 2710 2456 Ι

466 2468 550 2537 τά
609 2464 775 2538 καθ>
846 2467 1098 2557 ἡμέραν
1158 2469 1453 2550 ἀξιοῦσι,
1520 2470 1607 2556 μὴ
1669 2466 2101 2554 ὑπερβαίνειν
2169 2469 2323 2548 τοὺς
2380 2474 2603 2555 νομέας

465 2571 648 2658 ὑμῶν
695 2573 764 2652 ἐς
795 2572 870 2641 τὸ
907 2574 1164 2653 πεδίον,
1215 2566 1384 2638 ἀλλὰ
1417 2577 1607 2655 μέχρι
1652 2575 1771 2638 τοῦ
1799 2576 2137 2658 τραχιῦνος
2168 2577 2419 2656 νέμειν·
2465 2569 2601 2646 τοί-ς

466 2677 537 2743 δὲ
585 2674 831 2764 λῃστὰς
877 2674 990 2752 οὓς
1039 2677 1360 2741 αἰτιᾶσθε
1408 2669 1495 2752 ὥς
1537 2679 2057 2758 κατατρέχοντας
2102 2670 2287 2757 ὖμιῦν
2331 2674 2451 2763 τὴν
2488 2672 2600 2755 χώ-

464 2807 615 2864 ραν,
680 2773 757 2844 ού
816 2780 1024 2866 φασὶν
1085 2772 1224 2844 ἀπὸ
1285 2780 1507 2865 κοινῆς
1564 2776 1827 2864 γνώμης
1882 2775 2389 2859 ἐκπέμπεσθαι,
2448 2769 2598 2841 ἀλλὰ

466 2882 607 2968 ἰδίᾳ
655 2880 932 2946 ἕκαστον
979 2878 1094 2945 ἐπὶ
1142 2882 1239 2965 τῷ
1269 2879 1487 2964 κέρδει
1532 2877 1931 2944 κλωπεύειν·
1978 2876 2143 2944 εἶδέ
2186 2902 2289 2955 τις
2322 2875 2598 2945 ἁλίσκοι-

462 3008 570 3063 το,
633 2975 831 3047 αὐτὸν
891 2980 965 3046 σὲ
1019 2979 1244 3066 κύριον
1305 2976 1478 3046 εἶναι
1535 2979 1869 3060 κολάζειν·
1935 2982 2148 3044 ταῦτα
2203 2979 2324 3061 μὲν
2384 2978 2599 3046 ἐκεῖνοι

361 3099 436 3155 50
466 3082 971 3149 ἐπεστάλκασιν.
1063 3088 1163 3147 50.
1241 3079 1366 3161 ἐγώ
1437 3081 1509 3147 δὲ
1562 3081 1788 3168 μηνύω
1855 3103 1967 3146 σοι
2022 3078 2311 3168 μεγάλην
2372 3079 2597 3168 ἔφοδον

463 3184 782 3270 ἐσομένην
837 3176 948 3272 ἐφ’
1023 3178 1196 3266 ὑμᾶς
1261 3179 1386 3248 ὑπ’
1442 3176 1832 3266 Ἀρσακόμα
1893 3184 2012 3248 τοῦ
2073 3181 2471 3266 Μαριάντα,
2537 3178 2599 3254 ὃς

463 3286 823 3373 ἐπρέσβευε
869 3285 1100 3413 πρῴην
1147 3284 1334 3372 παρὰ
1383 3285 1458 3351 σὲ
1500 3290 1631 3364 καί,
1677 3281 1897 3368 οἶμαι,
1953 3283 2130 3350 διότι
2178 3278 2457 3369 αἰτήσας
2497 3280 2597 3366 τὴν

461 3395 801 3476 θυγατέρα
868 3389 982 3454 οἰκ
1041 3387 1225 3471 ε’τυχε
1283 3385 1470 3473 παρὰ
1531 3390 1682 3467 σοῦ,
1747 3380 2104 3471 αγανακτεῖ
2155 3387 2264 3451 καὶ
2328 3385 2443 3452 επὶ
2498 3386 2598 3469 τῆς

456 3492 704 3580 βύρσης
748 3490 1035 3578 εβδόμην
1080 3485 1204 3577 ἤδη
1251 3485 1503 3578 ημέραν
1546 3490 1846 3576 κάθηται
1896 3491 2007 3555 καὶ
2056 3491 2369 3572 συνῆκται
2414 3509 2595 3571 στρα-
2632 3507 2635 3510 ’

456 3593 572 3673 τὸς
617 3589 732 3660 ούκ
776 3587 1001 3679 ὀλίγος
1049 3595 1248 3678 αῦτῷ.
1279 3586 1662 3670 ’Ἡκουσα,’
1644 3590 1771 3678 ε’φη
1818 3585 1853 3656 ὁ
1903 3588 2293 3674 Λευκάνωρ,
2340 3591 2453 3654 καὶ
2497 3579 2597 3652 αὖ-
2704 3619 2706 3652 ι

458 3697 572 3776 τὸς
619 3691 1073 3780 ἀθροίζεσθαι
1131 3694 1410 3777 δύναμιν
1471 3686 1609 3758 άπὸ
1654 3692 1933 3780 βύρσης,
1993 3684 2101 3758 ότι
2160 3691 2231 3756 δὲ
2278 3684 2390 3780 εφ’
2441 3686 2596 3778 ἡμᾶς

459 3807 854 3867 συνίσταται
899 3799 1007 3863 καὶ
1055 3789 1161 3864 ὅτι
1183 3791 1613 3881 Ἀρσακόμας
1660 3794 1839 3862 ἐστὶν
1885 3791 1918 3860 ὁ
1956 3793 2267 3873 ἐλαύνων,
2316 3787 2591 3882 ἠγνόουν.

449 3899 640 3968 Ἀλλ’
705 3901 819 3966 ἐπὶ
879 3904 985 3980 σέ,
1047 3898 1174 3987 ἔφη
1235 3895 1268 3966 c‘
1317 3898 1707 3985 Λογχάτης,
1766 3893 1805 3984 ἡ
1854 3895 2274 3982 παρασκευή·
2334 3894 2481 3980 ἐμοὶ
2535 3890 2594 3956 δὲ

452 4001 700 4088 ’ἐχθρὸς
745 3998 779 4066 5
805 3995 1231 4087 Ἀρσακόμας
1269 3998 1433 4084 ἐστί,
1478 4003 1588 4067 καὶ
1622 3994 1909 4080 ἄχθεται
1955 3999 2128 4065 διότι
2179 4001 2591 4083 προτιμῶμαι
2702 4011 2704 4082 1
