2750 4534
463 224 584 281 124
1343 226 1716 281 ΔΟΥΚΙΔΝΟΥ

461 393 968 479 πανευδαίμονα
1036 391 1294 481 ὄνειρον
1367 396 1614 465 ἐκεῖνον
1690 380 1893 473 αὖθις
1956 391 2123 480 ὁρᾶν
2192 394 2315 462 τὸν
2389 394 2623 482 μικρὸν

463 498 873 584 ἔμπροσθεν,
921 492 1037 565 οὐκ
1070 495 1222 565 οἶδα
1253 495 1584 587 ὁπότερον
1628 489 1709 566 ἂν
1742 497 2044 586 ἕλοιμην’
2090 490 2307 575 οὕτως
2360 492 2621 583 ἀδελφὰ

462 595 749 685 ἡγοῦμαι
791 598 874 666 τὰ
908 598 993 665 σὰ
1023 613 1168 678 τοῖς
1213 595 1511 689 ἡδίστοις
1545 614 1817 689 φανεῖσι
1860 608 1967 665 καὶ
2000 598 2068 665 ἐν
2098 600 2211 687 ἰ’σῃ
2247 595 2441 683 ὑμᾶς
2470 600 2621 684 τιμῇ

466 698 604 788 ἄγω
651 702 731 769 σε’
769 727 842 769 τε
881 706 992 769 καὶ
1037 700 1113 769 τὸ
1163 704 1619 791 πολυτίμητον
1664 701 1994 769 ἐνύπνιον.
2635 711 2695 761 711

631 808 924 870 AAEK.
1001 798 1139 871 Ἔτι
1191 804 1318 891 γὰρ
1376 803 1454 871 σύ
1516 798 1964 891 ἀναπεμπάζῃ
2022 802 2137 870 τὸν
2194 798 2476 887 ὄνειρον
2530 807 2623 879 τίς

463 930 634 973 ποτε
676 901 713 973 ὅ
748 912 984 994 φανείς
1031 929 1140 973 σοι
1185 893 1264 995 ἦν
1294 914 1411 974 καί
1453 933 1605 976 τινα
1652 906 2025 989 ἰνδάλματα
2066 904 2331 988 μάταια
2381 906 2621 990 διαφυ-

466 1005 756 1088 λάττεις,
814 1007 1002 1098 κενὴν
1057 1011 1170 1075 καὶ
1215 1004 1306 1087 ὥς
1350 1005 1385 1075 ὃ
1434 1007 1788 1095 ποιητικὸς
1844 1008 2035 1093 λόγος
2084 1001 2425 1095 ἀμενηνήν
2481 1032 2621 1073 τινα

467 1102 895 1193 εὖδαιμονίαν
937 1115 1021 1199 τῇ
1063 1110 1284 1233 μνήμῃ
1330 1111 1801 1195 μεταδιωκωνς

643 1217 702 1279 6.
748 1218 949 1279 ΜΙΚ.
1012 1207 1188 1280 Ἀλλ’
1243 1206 1397 1280 ουδὲ
1444 1212 1853 1301 ἐπιλήσομαί
1896 1238 2085 1291 ποτε,
2130 1208 2182 1276 ὦ
2222 1206 2616 1295 ἀλεκτρυών,

469 1336 538 1379 ευ
585 1312 742 1380 >ι’σθι
799 1318 918 1401 τῆς
961 1310 1190 1402 όψεως
1249 1314 1529 1403 ἐκείνης·
1588 1311 1762 1382 οὕτω
1812 1340 1931 1398 μοι
1984 1312 2159 1380 πολὺ
2215 1312 2292 1380 τὸ
2347 1312 2507 1397 μέλι
2562 1334 2619 1374 εν

465 1428 609 1493 τοῖς
663 1409 1054 1505 ὀφθαλμοῖς
1110 1413 1144 1484 ὅ
1206 1413 1469 1506 όνειρος
1522 1416 1913 1484 καταλιπών
1970 1412 2244 1536 ᾤχετο,ς
2278 1412 2380 1493 ὥς
2438 1414 2619 1499 μόγις

471 1511 758 1604 ἆνοίγειν
815 1518 900 1585 τὰ
955 1520 1264 1605 βλέφαρα
1319 1516 1446 1586 ὕπ’
1506 1514 1708 1586 αὐτοῦ
1769 1519 1863 1596 εἷς
1908 1512 2121 1586 ύπνον
2165 1504 2382 1595 αυθις
2426 1540 2618 1583 κατα-

473 1619 810 1703 σπώμενα.
915 1621 1057 1688 οἷον
1112 1625 1269 1708 γοῦν
1335 1620 1403 1688 ἐν
1460 1636 1605 1700 τοῖς
1662 1615 1791 1687 ὠσὶ
1854 1621 1939 1687 τὰ
1998 1619 2213 1706 πτερὰ
2271 1618 2618 1706 ἐργάζεται

473 1722 906 1809 στρεφόμενα,
952 1728 1257 1791 τοιοῦτον
1298 1723 1629 1810 γάργαλον
1674 1728 1953 1809 παρεῖχέ
1994 1748 2113 1806 μοι
2155 1722 2240 1788 τὰ
2289 1718 2614 1807 ὁρώμενα.

641 1828 934 1890 ΛΛΕΚ.
1036 1822 1409 1910 (Ηρακλεις,
1486 1826 1701 1893 δεινόν
1764 1852 1917 1894 τινα
1981 1824 2099 1891 τὸν
2164 1820 2433 1909 όνειρον
2498 1818 2615 1907 φὴς

475 1926 540 1992 εἴ
577 1950 651 2009 γε
695 1924 944 2025 πτηνὸς
987 1922 1112 2007 ὤν,
1172 1920 1263 2017 ὥς
1305 1951 1509 2015 φασι,
1567 1931 1677 1995 καὶ
1722 1920 1874 2014 όρον
1933 1926 2096 2010 έχων
2152 1931 2268 2012 τῆς
2316 1923 2617 2010 πτήσεως

472 2026 589 2092 τὸν
633 2020 842 2094 όπνον
883 2024 1055 2113 ὑπὲρ
1105 2028 1190 2095 τὰ
1237 2028 1613 2114 εσκαμμένα
1656 2026 1782 2117 ἤδη
1828 2029 2015 2118 πηδᾷ
2060 2031 2173 2095 καὶ
2218 2027 2687 2109 ενδιατρίβειἿ12

477 2122 800 2215 ἆνεωγόσι
867 2144 1008 2208 τοῖς
1066 2129 1459 2218 ὀφθαλμοῖς
1524 2131 1833 2217 μελιχρὸς
1901 2124 2110 2209 οὕτως
2180 2132 2293 2195 καὶ
2356 2122 2615 2248 εναργής

478 2230 912 2315 φαινόμενος·
982 2230 1200 2298 ἐθέλω
1266 2236 1423 2318 γοῦν
1481 2226 1764 2299 ἀκοῦσαι
1830 2232 1975 2310 οἶός
2038 2238 2143 2310 τίς
2200 2230 2387 2298 ἔστιν
2454 2225 2610 2294 οὕτω

477 2356 588 2399 σοι
631 2334 1048 2422 τριπόθητος
1093 2362 1204 2401 ων.

648 2442 848 2501 ΜΙΚ.
921 2430 1231 2521 Ἕτοιμος
1277 2440 1520 2523 λέγειν·
1582 2432 1704 2523 ἡδὺ
1748 2440 1905 2523 γοῦν
1947 2461 2066 2520 μοι
2108 2435 2185 2502 τὸ
2230 2435 2610 2520 μεμνῆσθαι

476 2542 589 2605 καὶ
635 2540 950 2617 διεξιέναι
993 2567 1062 2607 τι
1092 2543 1249 2625 περὶ
1294 2534 1515 2606 αὐτοῦ.
1591 2538 1668 2605 σύ
1708 2539 1781 2605 δὲ
1824 2545 2093 2626 πηνίκα,
2138 2536 2191 2603 ὥ
2223 2533 2607 2622 Πυθαγόρα,

480 2642 754 2729 διηγησῃ
800 2640 885 2707 τὰ
929 2646 1088 2727 περὶ
1133 2668 1266 2708 των
1311 2643 1734 2727 μεταβολῶν,·

645 2748 940 2809 ΛΛΕΚ.
1022 2738 1328 2812 Ἐπειδὰν
1390 2767 1499 2824 συ,
1560 2740 1612 2808 οἳ
1673 2742 1965 2818 Μικύλε,
2025 2741 2250 2829 παύσῃ
2309 2734 2606 2823 ονειρώτ-

479 2870 610 2910 των
667 2848 776 2910 καὶ
831 2838 1159 2932 ἀποψήσῃ
1220 2839 1356 2911 άπὸ
1415 2848 1547 2911 τῶν
1604 2844 1962 2931 βλεφάρων
2021 2841 2096 2910 τὸ
2143 2844 2329 2927 μέλι·
2390 2838 2464 2907 τὸ
2512 2836 2607 2901 νῦν

482 2947 552 3012 δὲ
597 2946 925 3032 πρότερος
982 2945 1164 3027 εἰπέ,
1223 2942 1313 3025 ὥς
1355 2946 1565 3029 μάθω
1623 2946 1756 3013 ε’ίτε
1816 2945 1926 3013 διὰ
1987 2950 2119 3012 τῶν
2178 2943 2606 3031 ἐλεφαντίνων

482 3050 710 3113 πυλῶν
779 3048 913 3114 εἴτε
968 3048 1080 3115 διὰ
1138 3052 1270 3113 τῶν
1326 3055 1685 3133 κερατίνων
1755 3071 1864 3115 σοι
1921 3044 1955 3114 ὃ
2016 3042 2273 3133 ὄνειρος
2332 3041 2445 3135 ἧκε
2500 3060 2605 3105 πε-

480 3175 776 3233 τομενος.

651 3258 852 3317 ΜΙΚ.
952 3246 1122 3319 Οὐδὲ
1168 3246 1262 3319 δι’
1314 3252 1543 3337 ετέρας
1587 3252 1858 3337 τούτων,
1904 3238 1958 3317 ὠ
2002 3250 2401 3337 Πυθαγόρα.

651 3357 945 3421 ΛΛΕΚ.
1021 3358 1155 3421 Καὶ
1194 3355 1326 3440 μὴν
1339 3348 1631 3442 (Όμηρος
1676 3354 1790 3421 δύο
1824 3352 2097 3479 ,Luo'vagJ
2141 3352 2386 3430 ταύτας
2430 3350 2601 3429 λέγει·

654 3462 854 3522 MJK.
925 3450 1048 3523 ''Ea
1086 3462 1345 3541 χαίρειν
1401 3456 1519 3524 τὸν
1565 3459 1761 3542 λῆρον
1814 3456 2060 3523 ἐκεῖνον
2104 3454 2389 3542 ποιητὴν
2435 3441 2603 3517 ovd&

486 3556 711 3625 εἰδότα
767 3555 1042 3645 ὀνείρων
1103 3562 1435 3647 πέρι.οἱ
1481 3568 1761 3647 πένητες
1821 3560 1985 3638 ι’σως
2029 3553 2280 3641 όνειροι
2336 3552 2447 3621 διὰ
2488 3548 2600 3613 τῶν

483 3658 805 3728 τοιούτων
862 3660 1142 3743 ἐξίασιν,
1205 3663 1386 3740 οἵους
1433 3662 1677 3739 ἐκεῖνος
1734 3660 1911 3747 εώρα
1956 3654 2109 3727 οὐδὲ
2164 3660 2343 3726 πάνυ
2388 3650 2602 3737 σαφῶς

485 3762 736 3851 τυφλὸς
797 3758 994 3841 αὐτὸς
1051 3758 1171 3844 ὤν,
1233 3763 1383 3847 ἐμοὶ
1441 3764 1512 3830 δὲ
1570 3762 1683 3830 διὰ
1731 3767 1991 3850 χρυσῶν
2050 3788 2249 3831 τινων
2308 3757 2524 3826 πυλῶν
2568 3770 2596 3810 0

486 3859 758 3954 ἥδιστος
783 3859 1081 3953 ἄφίκετο,
1110 3870 1390 3947 χρυσοῦς
1412 3869 1524 3934 καὶ
1555 3862 1772 3947 αὐτός,
1804 3869 1916 3933 καὶ
1940 3868 2152 3952 χρυσᾶ
2182 3863 2403 3930 πάντα
2430 3874 2602 3935 περι-

485 3968 887 4055 βεβλημένος
929 3970 1039 4033 καὶ
1087 3964 1260 4032 πολὺ
1307 3966 1720 4053 ἐπαγόμενος
1758 3973 2053 4053 χρυσίον.
