2750 4534
413 210 491 268 28
1306 210 1677 263 ΛΟΥΚΙΑΝΟΥ

410 384 546 446 τῶν
578 380 650 446 δὲ
688 385 928 466 χειρῶν
973 373 1290 464 οὐδεμίαν
1335 387 1659 468 παρίησιν
1706 374 1941 466 ἀργήν·
1992 381 2063 447 αἱ
2104 381 2229 467 γὰρ
2276 385 2575 467 φανεραὶ

411 481 580 564 μετὰ
610 485 744 549 τῶν
790 482 1138 571 αἰσθητῶν
1183 484 1593 563 περιπλοκαὶ
1637 481 1755 570 τὴν
1798 478 2039 571 ἡδονὴν
2086 482 2571 564 συνάπτουσιν,

413 573 457 672 ἢ
500 583 807 666 ,λάθριος
871 579 1084 670 ὖγρῶς
1137 580 1176 672 ἡ
1246 582 1430 660 δεξιὰ
1497 583 1665 650 κατὰ
1724 582 1977 670 κόλπου
2037 584 2205 650 δῦσα
2268 583 2579 666 μαστοὺς

411 684 619 770 βραχὺ
677 685 798 772 τὴν
865 686 1067 773 φύσιν
1132 682 1631 771 ὓπεροιδῶντας
1691 685 1938 766 πιέζει,
2004 687 2115 752 καὶ
2183 687 2581 774 σφριγώσης
2600 704 2686 753 457

413 788 700 873 γαστρὸς
747 783 1138 876 ἆμφιλαφὲς
1178 802 1322 866 τοῖς
1369 788 1716 866 δακτύλοις
1762 787 2236 874 ἐπιδράττεται
2280 786 2579 872 ὁμαλῶς,

418 889 585 973 μετὰ
630 894 830 956 τοῦτο
875 891 987 956 καὶ
1034 890 1461 976 πρωτόχνουν
1507 887 1723 968 ἄνθος
1765 883 1950 979 ἥβης.
2038 893 2153 957 καὶ

671 999 740 1059 τί
782 986 1043 1080 τᾶρρητ’
1098 987 1699 1080 ἀναμετρήσασθαί
1741 1018 1827 1076 με
1872 995 2008 1075 δεῖς

415 1095 744 1181 τοσαύτης
828 1092 1040 1175 τυχών
1129 1093 1436 1172 ἐξουσίας
1509 1091 1544 1160 ὃ
1636 1093 1805 1179 ἔρως
1890 1099 2304 1181 θερμοτέρου
2390 1094 2584 1182 τινὸς

421 1195 708 1262 ἅπτεται
767 1197 1190 1283 πράγματος·
1260 1191 1371 1262 εἶτ’
1448 1192 1586 1264 άπὸ
1618 1201 1883 1284 -μηρῶν
1948 1197 2580 1282 προοιμιασάμενος

319 1308 394 1365 54
423 1297 590 1363 κατὰ
648 1298 764 1366 τὸν
819 1298 1110 1383 κωμικὸν
1168 1295 1335 1383 ἄρας
1396 1294 1744 1378 ἐπάταξεν.
1847 1306 1949 1366 54.
2012 1300 2160 1382 ἐμοὶ
2218 1298 2338 1384 μὲν
2401 1291 2579 1366 οῧτω

408 1401 897 1484 ,παιδεραστεῖν
952 1407 1246 1489 γένοιτο·
1312 1404 1841 1486 μετεωρολέσχαι
1916 1403 1988 1468 δὲ
2058 1406 2169 1469 καὶ
2237 1394 2393 1469 ὅσοι
2456 1401 2583 1490 τὴν

424 1505 841 1625 φιλοσοφίας
905 1498 1118 1591 ὀφρὺν
1183 1499 1353 1589 ὑπὲρ
1424 1497 1667 1580 αὐτοὺς
1721 1502 1879 1582 τοὺς
1932 1503 2319 1627 κροτάφους
2368 1499 2583 1588 ὓπερ-

423 1607 695 1695 ήρκασι,
787 1609 1040 1688 σεμνῶν
1114 1599 1463 1688 ὀνομάτων
1535 1605 1967 1692 κομψεύμασι
2052 1606 2209 1683 τοὺς
2284 1599 2583 1688 ἀμαθεῖς

427 1711 1003 1789 ποιμαινέτωσαν·
1123 1706 1437 1791 ερωτικός
1508 1707 1635 1793 γὰρ
1705 1695 1819 1797 ἦν,
1895 1708 2087 1794 εἴπερ
2160 1733 2295 1787 τις,
2384 1712 2494 1776 καὶ
2540 1735 2579 1774 ο

427 1809 813 1896 Σωκράτης,
902 1813 1014 1876 καὶ
1083 1805 1218 1875 ὕπὸ
1295 1816 1458 1894 μίαν
1525 1804 1949 1898 Ἀλκιβιάδης
2038 1804 2216 1896 αὐτῷ
2299 1810 2586 1891 χλανίδα

426 1913 687 1988 κλιθεὶς
731 1905 848 1976 οὐκ
893 1905 1118 1997 ἆπλὴξ
1159 1905 1422 2000 ἆνέστη.
1511 1915 1620 1978 καὶ
1664 1911 1753 2000 μὴ
1801 1910 2191 1999 θαυμάσῃς·
2260 1907 2412 1978 ουδὲ
2454 1912 2585 1997 γὰρ

429 2011 463 2079 0‘
499 2015 890 2096 Πάτροκλος
920 2007 1040 2079 ὑπ’
1073 2008 1425 2096 Ἀχιλλέως
1452 2008 1762 2102 ἠγαπᾶτο
1809 2019 1998 2100 μέχρι
2040 2017 2158 2080 τοῦ
2189 2013 2583 2098 καταντικρὺ

432 2115 856 2195 καθέζεσθαι

688 2217 1000 2301 δέγμενος
1044 2217 1403 2306 Αἰακίδην,
1450 2215 1665 2285 ὁπότε
1711 2216 1964 2306 λήξειεν
2010 2213 2275 2298 ἀείδων,

435 2313 572 2386 ἀλλ’
637 2306 715 2408 ἦν
765 2323 878 2387 καὶ
936 2324 1051 2409 τῆς
1111 2320 1377 2387 ἐκείνων
1433 2323 1668 2409 φιλίας
1726 2335 1987 2404 μεσῖτις
2043 2317 2277 2406 ἡδονή·
2339 2325 2590 2388 στένων

433 2426 590 2508 γοῦν
633 2417 968 2505 Ἀχιλλεὺς
1021 2421 1139 2490 τὸν
1197 2423 1592 2508 Πατρόκλου
1649 2423 1952 2490 θάνατον
2012 2417 2389 2509 ἆταμιεύτῳ
2447 2423 2588 2489 πά-

433 2530 553 2593 θει
597 2524 771 2611 πρὸς
814 2525 934 2614 τὴν
980 2521 1311 2612 ἀλήθειαν
1358 2521 1723 2612 ἆπερράγη,

688 2639 914 2715 μηρῶν
958 2652 1032 2693 τε
1073 2631 1205 2693 τῶν
1251 2631 1387 2694 σῶν
1432 2622 1715 2712 εὐσεβῶς
1758 2625 2029 2709 ὁμιλίαν

691 2733 960 2796 κλαίων.

437 2832 592 2910 τούς
646 2858 720 2918 γε
775 2831 904 2921 μὴν
962 2827 1489 2916 ὀνομαζομένους
1535 2826 1702 2916 παρ’
1741 2830 2011 2920 Ἕλλησι
2067 2832 2423 2915 κωμαστὰς
2480 2827 2592 2899 οὖ-
2610 2843 2687 2894 458

441 2934 550 3000 δὲν
583 2927 720 2998 ἀλλ’
757 2924 798 3022 ἢ
831 2933 1068 3019 δήλους
1100 2933 1383 3020 ἐραστὰς
1426 2934 1692 3016 νομίζω.
1767 2933 1935 3016 τάχα
1966 2934 2170 3022 φήσει
2212 2958 2317 3010 τις
2348 2933 2591 3018 αἰσχρὰ

439 3029 618 3102 ταῦτ’
692 3031 866 3102 εἶναι
934 3037 1283 3122 λέγεσθαι,
1351 3033 1544 3124 πλὴν
1593 3029 1818 3124 ἀληθῆ
1873 3061 1947 3121 γε
2003 3035 2079 3124 νὴ
2137 3035 2254 3123 τὴν
2306 3037 2593 3104 Κνιδίαν

419 3132 846 3226 Ἀφροδίτην.

611 3247 831 3308 ΛΥΚ.
930 3233 1065 3307 Οὐκ
1123 3233 1443 3321 ἀνέξομαί
1498 3261 1649 3318 σου,
1709 3241 1868 3326 φίλε
1916 3239 2326 3328 Θεόμνηστε,
2388 3235 2593 3366 άλλην

446 3336 648 3432 ἀρχὴν
733 3342 1310 3426 καταβαλλομένου
1390 3347 1633 3425 τρίτων
1707 3341 1947 3426 λόγων,
2035 3335 2113 3430 ἧς
2187 3335 2452 3408 ακούειν
2528 3342 2595 3408 ἐν

447 3445 640 3532 ἑορτῇ
675 3445 879 3527 μόνον
923 3438 1098 3522 εἰκός
1144 3443 1306 3523 ἐστι,
1351 3441 1565 3509 τᾶλλα
1611 3444 1688 3510 δὲ
1725 3448 1861 3509 τῶν
1907 3442 2080 3525 εμῶν
2124 3438 2313 3508 ὤτων
2358 3443 2594 3529 πόρρω

451 3542 774 3614 ἀποικεῖν.
862 3540 1187 3634 ἀφέμενοι
1244 3545 1316 3612 δὲ
1373 3548 1492 3610 τοῦ
1546 3548 1900 3629 παρέλκειν
1958 3547 2174 3612 πλείω
2214 3545 2455 3629 χρόνον
2500 3545 2596 3624 εἷς

449 3643 696 3734 ἆγοραν
750 3648 1057 3731 ἐξίωμεν·
1114 3643 1240 3735 ηδη
1304 3647 1432 3733 γὰρ
1500 3643 1673 3725 εἰκός
1739 3645 1920 3715 εστιν
1986 3643 2433 3734 ὗφάπτεσθαι
2498 3673 2591 3733 τῳ

448 3756 594 3839 θεῷ
624 3751 742 3837 τὴν
773 3750 1012 3837 πυράν.
1087 3750 1230 3817 ἔστι
1268 3746 1324 3816 δ’
1377 3744 1493 3816 οὐκ
1536 3744 1832 3836 ἀτερπὴς
1876 3747 1914 3838 ἡ
1958 3755 2095 3817 θέα
2138 3753 2271 3815 τῶν
2318 3749 2384 3817 ἓν
2425 3751 2592 3836 Οἴτῃ

450 3857 704 3920 παθῶν
748 3849 1344 3942 ὑπομιμνήσκουσα
1388 3853 1544 3930 τοὺς
1587 3851 1947 3938 παρόντας.
