2750 4534
411 234 492 291 86
1315 230 1683 284 ΛΟΥΚΙΑΝΟΥ

415 401 725 484 ἑκάτερος
787 400 1306 489 ἐπικτησάμενοι
1365 401 1475 465 καὶ
1538 403 1822 485 προσέτι
1879 424 1952 484 γε
2008 402 2118 467 καὶ
2165 394 2591 490 ὀφθαλμοὺς

417 509 736 590 τέτταρας
780 505 891 569 καὶ
924 502 1144 579 πόδας
1176 505 1499 584 τέτταρας
1534 503 1646 567 καὶ
1678 492 1852 578 ὅλως
1883 501 2094 568 διπλᾶ
2124 502 2392 585 πάντας
2437 528 2590 569 τοι-

419 604 613 672 οὗτόν
658 629 724 669 τι
755 603 879 690 γάρ
926 603 1068 670 ἐστι
1114 595 1551 679 συνελθόντες
1597 601 1714 667 δύο
1760 591 1801 687 ἢ
1844 617 2021 690 τρεῖς
2066 606 2276 691 φίλοι,
2328 600 2588 672 ὁποῖον

408 705 526 774 τόν
586 704 924 793 Γηρυόνην
985 706 1048 771 οἱ
1104 716 1388 791 γραφεῖς
1450 702 1926 790 ἐνδείκνυνται,
1990 701 2360 793 ἄνθρωπον
2424 705 2590 784 ἑξά-

404 834 597 894 χειρα
643 810 755 873 καὶ
802 808 1235 894 τρικέφαλον·
1295 803 1447 889 ἐμοὶ
1491 804 1616 891 γὰρ
1664 806 1847 873 δοκεῖ
1898 820 2077 892 τρεῖς
2120 806 2356 875 ἐκεῖνοι
2398 793 2589 897 ἦσαν

409 903 549 995 ἅμα
609 908 1018 994 πράττοντες
1077 907 1330 987 πάντα,
1393 900 1623 992 ὥσπερ
1682 908 1825 975 ἐστὶ
1890 909 2151 975 δίκαιον
2207 911 2457 996 φίλους
2512 935 2589 995 γε

410 1007 629 1088 ὄντας.

305 1120 383 1179 68
583 1117 684 1179 63.
734 1119 797 1177 Τ
801 1112 936 1182 ΟΞ.
985 1095 1078 1175 Εὖ
1127 1111 1364 1195 λέγεις·
1411 1112 1520 1175 καὶ
1568 1102 1743 1175 οῧτω
1788 1114 2112 1194 ποιῶμεν.
2600 1123 2669 1171 567

579 1217 884 1279 MNHZ.⁸
937 1204 1146 1276 Ἀλλὰ
1190 1210 1359 1295 μήτε
1408 1210 1720 1297 αἵματος,
1775 1198 1829 1277 ὦ
1882 1211 2162 1299 Τόξαρι,
2206 1214 2373 1299 μήτε
2422 1208 2583 1281 ἄκι-

410 1313 609 1380 νάκου
679 1312 996 1397 δεώμεθα
1061 1311 1182 1400 τὴν
1240 1313 1477 1400 φιλίαν
1543 1309 1700 1398 ’ἦμῖν
1756 1313 2278 1398 βεβαιώσοντος·
2344 1312 2379 1381 ὃ
2444 1316 2581 1402 γὰρ

410 1410 604 1501 λόγος
650 1412 684 1481 ὃ
721 1414 959 1501 παρών
1005 1417 1115 1482 καὶ
1145 1412 1222 1480 τὸ
1254 1417 1386 1479 τῶν
1421 1410 1672 1497 ὁμοίων
1703 1407 2068 1500 ὀρέγεσθαι
2112 1414 2288 1484 πολὺ
2320 1419 2582 1486 πιστό-

407 1542 564 1603 τερα
621 1519 739 1603 τῆς
783 1515 1044 1592 κύλικος
1103 1513 1354 1603 εκείνης
1399 1513 1479 1600 ἣν
1526 1520 1781 1595 πίνετε,
1846 1515 1996 1583 ἐπεὶ
2041 1517 2126 1583 τά
2166 1542 2240 1605 γε
2283 1524 2581 1587 τοιαῦτα

409 1612 524 1685 οὐκ
570 1613 870 1706 ἀνάγκης,
922 1610 1089 1683 ἀλλὰ
1137 1616 1402 1703 γνώμης
1447 1617 1725 1683 δεῖσθαί
1767 1643 1886 1702 μοι
1934 1620 2129 1685 δοκεῖ.

585 1721 784 1791 ΤΟΞ.
824 1713 1117 1785 Ἐπαινῶ
1161 1721 1391 1799 ταῦτα,
1439 1720 1550 1785 καὶ
1580 1712 1705 1806 ἤδη
1753 1744 1928 1802 ωμεν
1974 1721 2167 1838 φίλοι
2208 1724 2319 1787 καὶ
2367 1720 2578 1801 ξένοι,

408 1821 554 1905 ἐμοὶ
601 1821 720 1904 μὲν
753 1818 832 1886 σύ
869 1819 1166 1885 ἐνταῦθα
1215 1818 1327 1886 ἐπὶ
1359 1824 1478 1906 τῆς
1502 1815 1831 1901 Ἑλλάδος,
1879 1819 2001 1907 ἐγώ
2048 1822 2121 1887 δὲ
2152 1825 2263 1889 σοὶ
2302 1822 2367 1889 εἲ
2392 1849 2579 1891 ποτε

407 1921 474 1999 ἐς
518 1921 634 2007 τὴν
681 1926 981 1987 Σκυθίαν
1036 1913 1332 2005 ἀφίκοιο.

577 2028 875 2087 ΜΝΗΣ.
924 2024 1059 2087 Καὶ
1103 2019 1234 2109 μὴν
1281 2018 1348 2086 εὖ
1399 2021 1575 2101 ἰ’σθι,
1624 2015 1741 2088 οὗκ
1788 2048 1869 2086 αν
1900 2014 2256 2109 ὀκνήσαιμι
2302 2026 2411 2091 καὶ
2468 2025 2575 2091 ε’τι

405 2128 810 2209 πορρωτέρω
844 2117 1094 2202 ελθεῖν,
1143 2122 1204 2188 εἰ
1233 2124 1455 2206 μέλλω
1488 2123 1823 2201 τοιούτοις
1867 2125 2097 2211 φίλοις
2126 2118 2574 2202 εντεύξεσθαι

405 2225 547 2303 οἶος
594 2225 692 2307 σι’,
743 2251 793 2289 ω
849 2224 1119 2308 Τόξαρι,
1169 2224 1491 2313 διεφάνης
1536 2221 1695 2311 ἡμῖν
1742 2218 1881 2291 ἆπὸ
1928 2228 2063 2292 τῶν
2106 2226 2341 2313 λόγων.

879 2679 1012 2758 ΖΕ
1025 2678 1152 2757 ΥΣ
1199 2762 1202 2767 ,
1229 2677 2084 2765 ΕΛΕΓΧΟΜΕΝΟΣ.

337 2847 369 2899 1
583 2840 635 2897 1.
683 2833 1172 2896 ΚΥΝΙΣΚΟΣ.
1252 2824 1413 2915 Ἐγώ
1471 2832 1573 2911 δέ,
1636 2816 1687 2894 ὦ
1734 2834 1895 2911 Ζεῦ,
1954 2829 2036 2896 τὰ
2096 2831 2220 2914 μὲν
2280 2837 2668 2900 τοιαῦταδῖθ

407 2926 519 2997 οὐκ
581 2931 905 3017 ἐνοχλήσω
951 2953 1025 2997 σε
1071 2932 1363 2997 πλοῦτον
1418 2921 1460 3017 ἢ
1512 2937 1785 3017 χρυσίον
1842 2921 1885 3020 ἢ
1935 2933 2289 3015 βασιλείαν
2334 2934 2569 3017 αἰτῶν,

407 3026 579 3120 ὅπερ
640 3026 1076 3098 εὐκταιότατα
1133 3045 1276 3110 τοῖς
1335 3033 1647 3113 πολλοῖς,
1708 3036 1817 3101 σοὶ
1876 3027 1942 3099 δ’
2012 3027 2087 3101 οὗ
2135 3034 2315 3101 πάνυ
2361 3037 2569 3125 ῥᾴδια

405 3146 805 3220 παρασχεῖν·
872 3129 1008 3217 όριῦ
1074 3136 1231 3219 γοῦν
1292 3157 1366 3199 σε
1423 3132 1506 3199 τὰ
1568 3133 1789 3200 πολλὰ
1846 3135 2316 3222 παρακούοντα
2376 3132 2568 3221 εὖχο-

399 3241 617 3322 μένων
666 3229 900 3302 αὐτῶν.
992 3237 1059 3302 ἓν
1106 3236 1196 3317 δὲ,
1244 3238 1352 3302 καὶ
1400 3239 1595 3302 τοῦτο
1643 3237 1905 3324 ῥᾷστον,
1954 3237 2323 3326 ἐβουλόμην
2370 3242 2566 3325 παρὰ

405 3342 526 3406 σοῦ
569 3364 684 3423 μοι
731 3344 1072 3425 γενέσθαι.

572 3446 823 3509 ΖΕΥΣ.
922 3448 1003 3508 Τί
1045 3441 1241 3507 τοῦτό
1291 3439 1502 3521 ἐστιν,
1558 3426 1609 3506 ὦ
1659 3447 1977 3524 Κυνίσκες
2022 3436 2099 3508 οὐ
2143 3438 2270 3527 γὰρ
2320 3436 2565 3525 ἀτυχέ-

403 3568 560 3626 σεις,
606 3547 716 3609 καὶ
762 3543 1057 3627 μάλιστα
1101 3550 1409 3629 μετρίων,
1457 3538 1549 3620 ὥς
1595 3541 1744 3631 φής,
1794 3543 2125 3627 δεόμενος.

571 3653 779 3711 ΚΥΝ.
865 3640 1266 3730 Ἀπόκριναί
1309 3669 1428 3727 μοι
1472 3644 1645 3729 πρός
1688 3670 1839 3711 τινα
1899 3639 1975 3711 οὗ
2031 3643 2330 3734 χαλεπὴν
2391 3647 2563 3733 ἐρω-

399 3772 609 3837 τησιν.

570 3854 820 3915 ΖΕΥΣ.
897 3848 1130 3932 Μικρά
1186 3873 1257 3934 γε
1303 3844 1394 3927 ὥς
1439 3842 1715 3936 άληθῶς
1760 3844 1797 3937 ἦ
1847 3843 1996 3936 εὐχὴ
2042 3852 2152 3915 καὶ
2200 3843 2564 3935 πρόχειρος

402 3944 578 4017 ὥστε
624 3950 839 4035 ὲριότα
883 3946 1111 4015 ὁπόσα
1159 3940 1238 4016 ἂν
1285 3948 1543 4036 ἐθέλῃς.
