2750 4534
968 268 1132 321 ΖΕΥΣ
1164 268 1535 322 ΤΡΑῙὮιΔΟΣ.
2247 267 2327 327 97

152 463 284 517 νοι,
336 439 444 503 καὶ
491 424 606 504 νῦν
661 442 985 523 μετέωροι
1031 435 1280 515 πάντες
1341 436 1473 504 εἰσὶ
1518 436 1691 523 πρὸς
1749 433 2098 523 ἂκρόασιν,
2156 433 2325 505 ὅπό·

152 562 358 623 τερος
401 538 715 627 κρατήσει
758 542 870 607 καὶ
918 533 1342 629 ἀληθέστερα
1389 539 1569 617 δόξει
1615 540 1845 624 λέγειν.
1934 534 2135 624 ὁρᾶτε
2188 537 2329 627 [τὸν

150 636 519 725 κίνδυνον],
579 636 671 718 ῶς
729 638 797 706 ἐν
856 643 1066 727 στενῷ
1125 639 1528 707 παντάπασι
1584 638 1668 706 τὰ
1725 636 2043 729 ἡμέτερα,
2104 639 2171 707 ἐν
2231 640 2325 707 ἑνὶ

154 736 360 829 ἀνδρὶ
416 741 955 827 κινδυνευόμενα,
1022 746 1136 809 καὶ
1203 743 1387 809 δυοῖν
1452 742 1750 827 θάτερον
1813 732 1856 831 ἢ
1918 747 2326 827 παρεῶσθαι

153 842 414 931 ἀνάγκη
447 837 747 927 ὀνόματα
777 840 952 911 εἶναι
993 845 1200 928 μόνον
1247 835 1642 922 δόξαντας”
1600 870 1641 932 η
1672 848 2012 928 τιμᾶσθαι
2056 840 2144 921 ῶς
2190 848 2321 930 πρὸ

151 951 298 1028 τοῦ,
347 936 431 1034 ἢν
473 941 508 1013 o‘
566 948 896 1035 Τιμοκλῆς
939 942 1236 1034 ὑπέρσχῃ
1285 948 1509 1030 λέγων.

337 1054 396 1115 5.
443 1053 662 1114 HPA.
730 1046 944 1116 Δεινὰ
987 1052 1198 1114 ταῦτα
1241 1044 1335 1126 ῶς
1382 1043 1675 1136 άληθῶς,
1721 1052 1833 1115 καὶ
1880 1042 1954 1114 οὗ
2000 1048 2235 1137 μάτην,
2270 1035 2320 1114 a}
2360 1059 2397 1112 5

154 1153 312 1231 Ζεῦ,
364 1148 850 1237 ἐπετραγῴδεις
897 1144 1144 1228 αὐτοῖς.

333 1257 586 1317 ΖΕΥΣ.
655 1250 746 1318 Σὺ
794 1246 858 1318 δ’
911 1247 1046 1338 ᾠου
1090 1252 1364 1341 Δανάης
1420 1251 1604 1330 τινὸς
1654 1242 1697 1341 ἢ
1721 1246 2101 1372 Αντιόπης
2159 1250 2331 1320 εἶναι’

154 1381 276 1438 μοι
339 1354 536 1440 λόγον
596 1354 664 1421 ἐν
719 1361 974 1443 ταραχῇ
1026 1354 1340 1443 τοσαύτη.
1428 1360 1498 1421 τί
1556 1348 1617 1420 δ’
1672 1350 1816 1436 οὖν,
1871 1381 1923 1420 ω
1964 1352 2160 1443 Ἑρμῆ
2216 1359 2323 1421 καὶ

64 1469 138 1519 647
140 1446 321 1543 τἩρα
368 1459 482 1523 καὶ
517 1450 814 1543 Ἀθηνᾶ,
875 1450 1288 1543 πράττοιμεν
1347 1483 1464 1539 αν,·
1533 1456 1980 1543 ξυνευρίσκετε
2035 1455 2159 1542 γὰρ
2216 1461 2321 1523 καὶ

159 1554 358 1627 αὐτοὶ
403 1556 479 1625 τὸ
525 1562 745 1644 μέρος.

336 1666 549 1727 EPM.
608 1654 766 1745 Ἐγώ
813 1660 933 1744 μὲν
979 1660 1097 1728 επὶ
1137 1659 1214 1727 τὸ
1261 1660 1485 1728 κοινόν
1524 1685 1697 1749 φημι
1743 1662 1879 1729 δεῖν
1920 1660 2040 1749 τὴν
2088 1667 2326 1746 σκέψιι

161 1763 540 1848 ἐπενεγκεῖν
586 1760 931 1850 ἐκκλησίαν
977 1761 1448 1849 συναγαγόντα.

335 1869 560 1932 HPA.
627 1862 853 1949 Κάμοὶ
897 1868 1105 1931 ταῦτα
1151 1857 1520 1942 ξυνδοκεῖ(
1489 1858 1665 1947 άπερ
1710 1867 1821 1931 καὶ
1865 1863 2099 1951 τούτῳ.

335 1972 634 2034 ΑΘΗΝ.
694 1960 906 2033 ”Al-2.
945 1966 1094 2050 ἐμοὶ
1123 1966 1244 2051 μὲν
1272 1960 1596 2035 τάναντία
1628 1966 1825 2048 δοκεῖ,
1873 1951 1925 2032 ὦ
1956 1969 2189 2055 πάτερ,
2235 1967 2323 2056 μὴ

166 2069 636 2156 ξυνταράττειν
692 2067 808 2135 τὸν
866 2062 1146 2151 οὗρανὸν
1200 2069 1368 2157 μηδὲ
1429 2068 1627 2155 δῆλον
1687 2065 1861 2135 εἶναι
1909 2070 2327 2156 θορυβούμε-

165 2198 276 2239 νον
325 2175 425 2257 ‘ccii
471 2170 834 2257 πράγματι,
882 2169 1204 2256 πράττειν
1250 2170 1323 2237 δὲ
1367 2171 1511 2259 ἰδίᾳ
1554 2174 1783 2250 ταῦτα,
1838 2170 1913 2249 ἐξ
1954 2165 2045 2238 ῶν
2089 2174 2325 2262 κρατή-

167 2299 270 2343 σει
329 2274 453 2358 μὲν
510 2269 544 2339 o‘
602 2274 934 2361 Τιμοκλῆς
991 2274 1228 2359 λέγων,
1291 2269 1326 2341 ὅ
1386 2278 1613 2357 Δᾶμις
1672 2274 1743 2339 δὲ
1799 2275 2328 2359 καταγελασθεὶς

168 2373 450 2444 ἄπεισιν
495 2400 564 2441 εκ
606 2378 722 2461 τῆς
768 2381 1141 2452 συνουσίας.

345 2483 554 2578 ΕΡΜ.
619 2470 809 2543 Ἀλλ’
877 2502 1029 2543 ουτε
1074 2470 1573 2564 άγνοηθήσεται
1629 2480 1870 2558 ταῦτα,
1932 2464 1986 2542 ὦ
2032 2482 2198 2559 Ζεῦ,
2259 2479 2327 2545 ἕν

171 2583 449 2668 φανερῷ
505 2584 857 2700 γενομένης
919 2582 1037 2665 τῆς
1095 2578 1313 2666 ε’ριδος
1368 2591 1513 2655 τοῖς
1570 2577 2006 2666 φιλοσόφοις,
2074 2583 2183 2647 καὶ
2246 2581 2325 2647 σὺ

172 2682 399 2761 δόξεις
454 2681 840 2764 τυραννικὸς
899 2676 1073 2747 εἶναι
1126 2680 1217 2768 μὴ
1275 2679 1699 2763 κοινούμενος
1756 2682 1915 2765 περὶ
1972 2684 2105 2748 τῶν
2150 2674 2325 2748 ου’τω

169 2785 481 2872 μεγάλων
521 2788 634 2851 καὶ
677 2786 916 2851 κοινῶν
961 2807 1236 2851 απασιν.

346 2892 406 2954 6.
479 2891 730 2952 ΖΕΥΣ.
832 2878 1082 2952 Οὐκοῦν
1153 2879 1278 2973 ἤδη
1351 2885 1627 2971 κήρυττε
1695 2889 1807 2953 καὶ
1880 2891 2322 2971 παρέστωσαν
2358 2896 2397 2951 6

174 2980 504 3066 ἅπαντες·
551 2981 780 3074 ὀρθῶς
823 2985 949 3073 γὰρ
993 2989 1222 3073 λέγεις.

345 3095 557 3163 ΕΡΜ.
621 3083 789 3156 Ἰδοὺ
837 3086 914 3174 δὴ
951 3088 1049 3166 εἰς
1094 3087 1440 3177 ἐκκλησίαν
1489 3087 1841 3166 ξυνέλθετε
1884 3091 1951 3157 οἱ
1995 3096 2189 3159 θεοί·
2235 3092 2323 3180 μὴ

174 3195 477 3274 μέλλετε,
534 3190 884 3269 ξυνέλθετε
927 3190 1208 3270 πάντες,
1267 3182 1487 3275 ἥκετε,
1544 3195 1703 3276 περὶ
1753 3192 2056 3277 μεγάλων
2103 3192 2327 3282 ἐκκλη-

176 3294 518 3377 σιάσομεν.

91 3402 164 3455 648
345 3399 600 3459 ΖΕΥΣ.
657 3385 848 3460 Ου’τω
895 3387 1098 3477 ψιλά,
1156 3378 1209 3457 ῶ
1245 3388 1462 3482 Ἑρμῆ,
1505 3396 1614 3461 καὶ
1664 3389 1957 3461 ἁπλοϊκὰ
2000 3397 2112 3461 καὶ
2156 3395 2325 3475 πεζὰ

157 3497 538 3589 κηρύττεις,
583 3497 696 3561 καὶ
739 3497 953 3561 ταῦτα
997 3494 1113 3562 ἐπὶ
1159 3508 1302 3571 τοῖς
1344 3502 1687 3581 μεγίστοις
1734 3495 2101 3580 ξυγκαλῶν,·

348 3601 563 3663 ΕΡΜ.
599 3589 811 3661 Ἀλλὰ
857 3598 1003 3673 πῶς
1047 3595 1192 3682 γάρ,
1240 3592 1293 3661 ὠ
1334 3600 1486 3678 Ζεῦ,
1535 3591 1784 3679 αξιοῑς,·

347 3703 601 3764 ΖΕΥΣ.
640 3689 876 3773 ινὈπως
919 3692 1122 3780 άξιῶ,·
1178 3691 1643 3781 άποσεμνῦναί
1687 3724 1862 3787 φημι
1908 3698 2045 3765 δεῖν
2088 3698 2163 3765 τὸ
2212 3699 2326 3786 κή-

182 3826 394 3887 ρυγμα
441 3806 713 3884 μέτροις
753 3803 898 3867 τισὶ
939 3803 1050 3867 καὶ
1094 3802 1572 3887 μεγαλοφωνίᾳ
1616 3803 1962 3888 ποιητικῇ,
2022 3796 2112 3879 ὥς
2155 3803 2326 3885 μᾶλ-

184 3904 294 3971 λον
339 3904 752 3969 συνέλθοιεν.

354 4010 565 4070 ΕΡΜ.
612 4007 776 4069 Ναί.
866 3995 1017 4068 ἀλλ’
1069 4001 1437 4085 ἐποποιῶν,
1486 3998 1538 4069 ὠ
1583 4008 1735 4085 Ζεῦ,
1783 4003 1915 4091 [καὶ
1962 4004 2323 4094 ῥαψῳδῶν]

282 4114 454 4159 Lucina
470 4114 531 4158 11.
549 4113 588 4156 2.
1993 4111 2021 4160 7
