2750 4534
877 255 1047 308 ΥΠΕΡ
1082 253 1212 307 ΤΩΝ
1250 254 1558 308 ΕΙΚΟΝΩΝ.
2213 255 2293 312 41

138 425 212 490 δὲ
262 420 424 506 ἐμὸν
456 418 549 502 ὥς
581 413 662 490 ὂν
694 423 894 511 εἰδῇς,
927 425 1194 493 τοιόνδε
1221 424 1433 491 ἐστίν·
1480 417 1635 491 οὖδὲ
1667 419 1885 502 ἄλλως
1926 425 2047 507 μὲν
2082 433 2299 509 χαίρω

136 538 286 602 τοῖς
327 527 700 604 κολακικοῖς
743 524 859 593 τὸν
902 525 1178 611 τρόπον,
1233 520 1404 594 άλλά
1447 551 1564 609 μοι
1612 526 1920 592 δοκοῦσιν
1966 528 2033 593 οἱ
2076 531 2299 594 τοιοῦ-

138 651 248 694 τοι
303 625 538 715 γόητες
595 625 769 695 εἶναι
823 631 934 694 καὶ
979 621 1218 718 ἥκιστα
1263 627 1612 714 ἐλεύθεροι
1654 627 1773 716 τὴν
1817 628 2052 716 φύσιν,
2112 629 2180 696 ἐν
2226 630 2299 696 δὲ

137 742 288 807 τοῖς
340 727 646 808 ἐπαίνοις
690 729 1004 814 μάλιστα,
1050 723 1214 797 ὅταν
1255 755 1360 808 τις
1406 729 1651 818 ἐπαινῇ
1692 754 1778 815 με
1823 729 2145 818 φορτικὰς
2186 735 2299 798 καὶ

138 828 598 917 ὑπερμέτρους
649 830 1052 915 ποιούμενος
1095 831 1217 910 τὰς
1259 828 1676 918 ὑπερβολάς,
1733 829 2028 917 ἐρυθριῶ
2071 857 2147 899 τε
2187 837 2299 900 καὶ

35 928 374 1018 485ἶ>λίγου
432 933 570 1000 δεῖν
629 933 1137 1022 ἐπιφράττομαι
1181 933 1267 1000 τὰ
1312 920 1453 1001 ὦτα
1496 937 1605 1001 καὶ
1652 932 1728 1000 τὸ
1776 939 2051 1021 πρᾶγμα
2104 935 2299 1023 χλεύῃ

139 1037 401 1118 μᾶλλον
443 1026 486 1123 ἢ
525 1035 782 1121 ἐπαίνῳ
829 1035 1114 1102 ἐοικέναι
1154 1062 1273 1120 μοι
1320 1037 1518 1104 δοκεῖ.
1596 1043 1654 1102 2.
1699 1041 1891 1124 μέχρι
1935 1037 2062 1125 γὰρ
2105 1040 2300 1105 τοῦδε
2330 1050 2369 1106 2

142 1137 210 1202 οἱ
244 1136 518 1204 ἔπαινοι
549 1130 812 1204 ἀνεκτοί
855 1137 1026 1204 εἰσιν
1057 1137 1152 1215 εἰς
1195 1137 1357 1206 ὅσον
1399 1128 1481 1204 ἂν
1526 1134 1560 1206 5
1610 1137 2090 1223 ἐπαινούμενος
2132 1166 2301 1226 γνω-

143 1242 294 1330 ρίζῃ
354 1239 628 1307 ἕκαστον
684 1243 818 1307 τῶν
864 1242 1232 1328 λεγομένων
1275 1239 1539 1326 προσὸν
1583 1240 1831 1327 ἑαυτῷ·
1888 1241 1963 1308 τὸ
2014 1243 2087 1309 δὲ
2130 1240 2303 1328 ὑπὲρ

142 1347 346 1411 τοῦτο
394 1342 743 1426 ἀλλότριον
787 1338 912 1432 ἤδη
945 1344 1055 1409 καὶ
1085 1345 1399 1410 κολακεία
1430 1342 1673 1432 σαφής.
1748 1349 1968 1410 καίτοι
2013 1345 2306 1424 πολλοὺς

147 1447 313 1533 ε’φη,
375 1441 557 1525 οῖδα,
609 1451 994 1533 χαίροντας,
1053 1445 1121 1512 εἴ
1173 1467 1276 1522 τις
1337 1439 1577 1523 αὐτοὺς
1630 1444 1923 1512 ἐπαινῶν
1969 1448 2078 1513 καὶ
2125 1475 2167 1512 α
2211 1445 2301 1536 μὴ

149 1548 378 1630 έχουσι
432 1540 826 1630 προσάπτοι
879 1550 977 1633 τῷ
1034 1546 1241 1634 λόγῳ,
1303 1545 1447 1612 οἶον
1492 1546 1554 1612 εἷ
1595 1551 1909 1633 γέροντας
1953 1543 2153 1625 ὄντας
2197 1543 2305 1614 εὖ·

150 1647 530 1733 δαιμονίζοι
567 1652 686 1734 τῆς
732 1642 942 1734 ἀκμῆς
983 1638 1026 1737 ἢ
1071 1643 1409 1735 ἀμόρφοις
1456 1672 1607 1715 ουσι
1648 1649 1725 1715 τὸ
1760 1653 2023 1735 Νιρέως
2066 1649 2306 1728 κάλλος

147 1742 188 1839 ἢ
247 1748 324 1817 τὸ
379 1749 660 1828 Φάωνος
716 1755 1070 1838 περιθείη·
1130 1751 1392 1817 οἴονται
1448 1749 1573 1837 γὰρ
1631 1747 1763 1817 ὑπὸ
1820 1755 1953 1817 τῶν
2010 1750 2307 1818 ἐπαίνων

151 1849 662 1938 ἀλλαγήσεσθαι
697 1858 894 1938 σφίσι
925 1855 1036 1919 καὶ
1078 1850 1200 1930 τὰς
1243 1851 1515 1939 μορφὰς
1556 1855 1670 1920 καὶ
1716 1849 1907 1920 αὐτοὶ
1952 1848 2307 1944 ἀνηβήσειν

154 1939 360 2032 αυθις
419 1947 646 2038 ὥσπερ
693 1950 728 2021 5
775 1956 1034 2033 Πελίας
1089 1950 1279 2041 (ὕετο.
1370 1953 1549 2021 3.τὸ
1607 1955 1679 2022 δὲ
1725 1951 1840 2038 οὐχ
1885 1948 2096 2034 ου’τως
2138 1956 2305 2039 ε’χει·
2338 1967 2376 2022 3

151 2056 410 2122 πολλοῦ
454 2055 579 2142 γὰρ
626 2082 708 2122 αν
751 2052 786 2123 5
836 2055 1114 2134 ε’παινος
1123 2052 1238 2177 Ξῖἠν
1281 2063 1535 2141 τίμιος,
1582 2057 1649 2124 εἴ
1685 2084 1755 2124 τι
1797 2060 1906 2124 καὶ
1952 2057 2142 2144 ἔργον
2187 2053 2305 2124 αὖ·

151 2162 272 2225 τοῦ
333 2152 719 2225 ἀπολαῦσαι
776 2157 1054 2226 δυνατον
1107 2145 1186 2248 ἦν
1240 2157 1310 2225 ἐκ
1365 2162 1485 2248 τῆς
1541 2159 1856 2247 τοιαύτης
1910 2156 2304 2247 ὑπερβολῆς.

153 2265 270 2327 νῦν
315 2253 458 2326 δὲ
431 2254 667 2344 όμοιόν
711 2286 830 2345 μοι
875 2262 1212 2343 δοκοῦσιν,
1225 2261 1433 2384 ἔφη,
1482 2262 1794 2344 πάσχειν,
1844 2255 2075 2346 ὥσπερ
2119 2288 2201 2328 αν
2246 2263 2313 2328 εἴ

153 2388 290 2431 τινι
347 2357 636 2452 ἀμόρφῳ
695 2378 1130 2450 προσωπεῖον
1187 2389 1524 2452 ευμορφον
1582 2364 1861 2453 ἐπιθείη
1915 2389 2022 2442 τις
2066 2369 2308 2453 φέρων,

155 2463 190 2532 5
246 2465 317 2532 δὲ
358 2471 528 2552 μέγα
571 2467 688 2534 επὶ
731 2470 829 2552 τῷ
870 2466 1101 2534 κάλλει
1143 2474 1449 2556 φρονοίη,
1493 2469 1606 2534 καὶ
1648 2470 1861 2532 ταῦτα
1903 2469 2312 2553 περιαιρετῷ

157 2563 306 2635 ὄντι
361 2570 472 2634 καὶ
529 2564 662 2635 ὗπό
724 2571 843 2635 τοῦ
899 2567 1209 2651 τυχόντος
1269 2572 1696 2654 συντριβῆναι
1757 2567 2131 2653 δυναμένῳ,
2199 2560 2314 2633 ὅτε

157 2675 268 2738 καὶ
325 2669 741 2756 γελοιότερος
795 2659 876 2736 ὃν
930 2675 1186 2756 γένοιτο
1244 2665 1783 2756 αὐτοπρόσωπος
1840 2675 2106 2757 φανείς,
2171 2667 2315 2747 οἶος

160 2763 254 2838 ὢν
281 2765 410 2858 ὑφ’
463 2772 582 2858 οἵῳ
626 2776 984 2857 κέκρυπτο’
1027 2762 1070 2863 ἢ
1113 2775 1223 2840 καὶ
1272 2771 1348 2861 νὴ
1382 2766 1499 2838 Δί’
1553 2771 1621 2838 εἴ
1658 2796 1761 2849 τις
1803 2766 2317 2859 ὑποδησάμενος

61 2874 535 2958 486κοθόρνους
602 2872 836 2958 μικρὸς
895 2869 1093 2952 αὐτὸς
1159 2863 1251 2940 ὢν
1309 2873 1516 2960 ἐρίζοι
1571 2875 1732 2960 περὶ
1786 2878 2117 2959 μεγέθους
2172 2887 2315 2952 τοῖς

163 2971 302 3043 άπὸ
357 2975 677 3043 ἰσοπέδου
723 2969 858 3064 ὅλῳ
903 2975 1104 3064 πήχει
1159 2973 1613 3060 ὑπερέχουσιν.
1705 2982 1763 3042 4.
1812 2973 2133 3063 ἐμέμνητο
2191 2974 2315 3062 γὰρ
2346 2983 2385 3037 4

157 3081 269 3144 καὶ
317 3078 623 3146 τοιούτου
669 3077 870 3155 τινός.
959 3078 1087 3200 ἔφη
1143 3077 1417 3164 γυναῖκά
1461 3104 1613 3144 τινα
1657 3081 1791 3144 τῶν
1836 3076 2189 3165 ἐπιφανῶν
2232 3078 2317 3143 τὰ

160 3182 282 3262 ιιὲν
345 3175 516 3246 αλλα
569 3181 776 3268 καλὴν
830 3182 941 3246 καὶ
997 3180 1304 3265 κόσμιον,
1372 3179 1614 3266 μικρὰν
1674 3179 1747 3247 δὲ
1802 3182 1915 3247 καὶ
1967 3179 2142 3246 πολὺ
2199 3182 2319 3246 τοῦ

163 3287 544 3370 συμμέτρου
591 3276 1045 3364 ἀποδέουσαν,
1107 3281 1549 3349 ἐπαινεῖσθαι
1591 3280 1765 3364 πρός
1806 3305 1988 3359 τινος
2032 3283 2319 3400 ποιητοῦ

165 3411 234 3453 εν
268 3382 523 3475 ᾄσματι
553 3384 635 3450 τά
665 3409 740 3450 τε
771 3379 940 3450 αλλα
972 3387 1084 3451 καὶ
1129 3376 1237 3451 ὅτι
1279 3383 1445 3472 καλή
1490 3407 1562 3449 τε
1604 3386 1714 3450 καὶ
1760 3382 2007 3510 μεγάλη
2052 3401 2164 3468 ην·
2214 3381 2319 3447 αἰ-

163 3494 368 3574 γείρῳ
415 3480 478 3552 δ’
517 3480 718 3575 αὐτῆς
757 3484 1008 3565 εικαζεν
1053 3485 1298 3564 ἐκεῖνος
1340 3487 1417 3552 τὸ
1466 3480 1741 3571 εὗμηκές
1783 3511 1857 3551 τε
1898 3487 2011 3551 καὶ
2055 3479 2317 3566 ὄρθιον.

165 3590 284 3676 τὴν
344 3588 465 3672 μὲν
523 3587 602 3674 δὴ
659 3587 999 3675 γάνυσθαι
1039 3591 1138 3674 τῷ
1195 3585 1455 3674 ἐπαίνῳ
1510 3586 1829 3708 καθάπερ
1875 3579 2321 3673 αυξανομένην

167 3689 344 3778 πρὸς
387 3687 464 3758 τὸ
517 3691 717 3774 μέλος
758 3693 870 3758 καὶ
915 3688 1034 3778 τὴν
1084 3703 1278 3774 χεῖρα
1335 3688 1694 3768 ἐπισείειν,
1753 3686 1872 3754 τὸν
1916 3684 2205 3775 ποιητὴν
2250 3687 2322 3753 δὲ

169 3791 499 3870 πολλάκις
540 3789 618 3858 τὸ
668 3790 828 3859 αὐτὸ
890 3786 1077 3880 ᾄδειν
1121 3787 1381 3877 ὁρῶντα
1426 3786 1516 3868 ὥς
1569 3783 1800 3877 η’δοιτο
1856 3787 2322 3910 ἐπαινουμένη,

171 3922 324 3984 αχρι
379 3893 457 3979 δὴ
518 3898 648 3960 τῶν
708 3894 1063 3980 παρόντων
1121 3891 1272 3961 τινὰ
1326 3891 1817 3978 προσκύψαντα
1871 3890 2042 3980 πρὸς
2086 3891 2161 3960 τὸ
2212 3917 2325 3970 ους

171 3997 390 4065 εἰπεῖν
439 3990 650 4083 αὗτιῦ,
704 4001 1067 4078 Πέπαυσο,
1127 4022 1180 4062 ω
1229 3989 1440 4077 οὗτος,
1485 3993 1573 4081 μὴ
1625 3987 1992 4082 ἀναστῆναι
2036 3993 2326 4082 ποιήσης
