2750 4534
396 256 524 315 164

402 1372 454 1413 c.
490 1359 587 1413 17.

401 1475 453 1517 c.
493 1460 588 1517 18.

400 1680 454 1721 c.
494 1667 588 1723 19.

404 2293 460 2333 c.
499 2279 594 2333 19.

406 2394 458 2434 c.
494 2379 593 2435 20.

404 2496 456 2538 c.
491 2482 588 2539 22.

403 3111 456 3151 c.
490 3095 590 3152 24.

1133 256 1513 311 AnNo‘rA‘rlo
1548 256 1825 309 carum.

609 436 769 508 κίας.
838 451 892 493 c.
925 436 1028 493 33.
1073 435 1138 494 αὶ
1169 474 1188 493 .
1221 475 1237 492 .
1274 475 1291 492 .
1313 444 1521 512 χρεῖαι
1564 432 1763 512 πέρας
1807 430 1995 509 εἶχον.
2044 464 2127 475 -
2169 438 2234 494 τί
2276 428 2399 513 γὰρ
2422 431 2567 513 ,ἅρ-

608 529 812 615 ρήτον
841 530 1080 610 νυκτὸς
1109 530 1234 613 ἐγὼ
1264 530 1514 609 τόλμαν
1556 528 1891 613 ἡλάλος
1934 534 2011 596 ἐπ
2031 531 2046 553 ³
2090 531 2346 615 ἀκριβὲς
2401 532 2563 611 ὑμῖν

610 641 954 718 διηγοῦμ
973 660 1052 699 αι
1081 631 1108 718 ΙΙ
1137 637 1343 697 Recte.
1420 637 1636 712 Neque
1680 654 1829 712 opus
1862 640 1953 697 est
1994 638 2334 716 mutatione,
2378 657 2565 714 quam

608 738 724 801 Bk.
785 745 846 800 et
898 739 1043 799 Ddf.
1098 743 1536 816 proposuerant
1588 735 1627 819 ἢ
1685 730 1881 817 ἄγος
1942 782 1959 799 .
2004 782 2019 800 .
2066 782 2083 799 .
2140 743 2560 821 διηγῶμαι.

608 843 818 918 Pergit
847 844 1001 902 enim
1029 839 1066 921 ἢ
1098 836 1377 923 ζάκορος
1422 841 1727 919 (aeditimo.
1755 860 1807 901 c.
1847 841 1970 921 15),
2000 860 2187 918 seque
2216 845 2351 920 ipse
2377 846 2562 905 inter-

609 962 890 1021 rumpens
933 946 1129 1020 „quid
1168 948 1429 1021 qam-ula
1486 934 1561 1027 (ᾖ
1604 940 1835 1023 λίλος)
1897 962 2010 1020 eqo
2054 945 2219 1007 vobis
2260 951 2561 1009 enarro“.

611 1046 783 1107 Unde
826 1047 1219 1125 intellegitur,
1265 1064 1341 1107 ne
1386 1050 1611 1127 διηγο
1628 1053 1818 1123 ὕμαι
1861 1046 2099 1122 quidem
2142 1048 2563 1125 corrigendum

611 1165 744 1209 esse
787 1150 848 1209 in
893 1152 1306 1230 διηγῶμαι.
1380 1150 1573 1225 Magis
1619 1150 1794 1211 etiem
1854 1168 1891 1208 a
1933 1167 2077 1211 vero
2136 1149 2419 1210 abhorret
2460 1169 2562 1211 co·

611 1250 804 1311 dicum
845 1248 883 1332 ἢ
929 1247 1130 1325 ἄλλος
1172 1270 1282 1328 pro
1324 1248 1362 1331 ἣ
1410 1248 1625 1327 λα’λος.

621 1355 876 1435 ἱλαρίαν
907 1350 932 1435 ΙΙ
965 1349 1194 1434 ἱλαρὰν
1238 1352 1291 1415 91
1320 1354 1435 1415 Bk.
1464 1353 1607 1413 Ddf.

623 1473 1004 1535 συγκαταινε
1019 1451 1332 1518 σάντων
1352 1450 1375 1537 Ι
1396 1449 1933 1533 σνγκαταινεσᾶν
1949 1478 2055 1517 τω
2072 1478 2111 1518 ν
2135 1454 2269 1515 add.
2296 1452 2559 1518 αὐτῶν

609 1560 880 1619 Paetzolt
922 1577 1036 1618 om.
1067 1562 1312 1635 propter
1355 1558 1625 1619 anteced.
1672 1574 1929 1621 σαντω
1943 1581 2003 1620 ν.

622 1656 858 1725 ἅπαντι
899 1664 1018 1737 μὲν
1061 1656 1181 1741 γὰρ
1229 1660 1429 1745 ἔργῳ
1472 1657 1621 1724 κᾶν
1665 1656 1873 1740 βραχὺ
1916 1666 2029 1739 τῆς
2082 1662 2241 1735 ἰδίας
2286 1666 2560 1737 πειθοῦς

611 1760 1072 1843 ἐπιστάξῃς,
1118 1758 1525 1825 τελειότατον
1570 1763 1701 1825 ἐστι
1742 1759 1758 1842 ΙΙ
1805 1758 2043 1827 ἅπαντι
2086 1812 2099 1826 .
2151 1812 2165 1825 .
2213 1812 2228 1826 .
2278 1762 2445 1847 ἔργῳ
2492 1753 2560 1842 ᾤ

618 1865 832 1943 (det.)
862 1862 988 1927 κᾶν
1015 1860 1222 1945 βραχὺ
1250 1916 1262 1928 .
1298 1915 1312 1928 .
1351 1912 1366 1925 .
1400 1860 1720 1945 ἐνστάξῃς.
1770 1866 1994 1937 „Omni
2020 1866 2179 1927 enim
2208 1867 2402 1939 operi,
2432 1868 2561 1926 cui

616 1971 714 2028 vel
774 1969 1072 2029 tantillum
1129 1969 1553 2043 adsperseris“
1608 1968 2029 2029 Necessarium
2095 1984 2227 2027 esse
2290 1968 2557 2027 inserere

617 2060 683 2148 ᾧ
708 2086 782 2129 ex
812 2087 924 2129 usu
951 2071 1255 2145 sequenfis
1286 2066 1411 2133 κᾶν
1442 2074 1693 2146 apparet
1722 2067 1798 2129 cf.
1826 2068 1961 2129 Vol.
1993 2069 2022 2128 Ι
2054 2070 2125 2129 P.
2150 2068 2208 2127 H
2248 2087 2308 2145 p.
2339 2068 2557 2128 LXVI.

615 2172 818 2231 Facile
877 2176 1071 2232 antem
1117 2166 1171 2255 ᾧ
1207 2174 1393 2232 omitti
1434 2176 1667 2248 poterat
1707 2170 2104 2248 praecedente
2164 2193 2217 2255 ῳ
2259 2171 2323 2229 in
2364 2170 2556 2255 ἔργῳ.

627 2278 948 2353 δοχεῖον
980 2271 1005 2353 ΙΙ
1035 2278 1353 2353 δοχεῖον
1400 2271 1726 2352 α’γγεῖον
1748 2356 1753 2363 .
1773 2269 2219 2344 52211'H2r1.

626 2372 787 2439 κατὰ
834 2383 1090 2456 πετρῶν
1134 2378 1200 2439 δέ
1244 2393 1443 2453 φασιν
1490 2371 1815 2453 α’γόνων
1848 2371 1871 2457 ΙΙ
1904 2394 2030 2436 om.
2063 2370 2377 2453 α’γόνων
2410 2373 2559 2434 Cob.

619 2475 780 2542 οὗθ’
811 2475 932 2541 ὅσα
960 2475 1080 2558 τὴν
1110 2474 1317 2559 ὑγρὰν
1347 2476 1539 2542 καθ’
1569 2474 1860 2554 ὕδατος
1892 2478 2094 2558 εἴληχε
2115 2482 2297 2557 λῆξιν
2320 2474 2337 2541 l}
2358 2475 2561 2552 [καθ’

613 2577 934 2658 ὕδατος]
991 2581 1158 2642 det.
1200 2582 1471 2642 Paetzolt
1525 2581 1685 2642 delet
1734 2576 1895 2659 τὴν
1942 2577 2103 2661 ὑγρ
2128 2576 2167 2643 ἀ
2190 2603 2252 2642 ν.
2306 2613 2389 2623 -
2450 2585 2562 2643 καὶ

612 2690 744 2747 καθ
764 2681 780 2703 ’
825 2684 936 2747 ἕνα
965 2690 1234 2749 τοιαῦτα
1265 2690 1506 2764 ζηλοῦν
1537 2680 1807 2747 πάντων
1842 2685 2168 2759 ἑλομένων
2212 2679 2393 2745 οὐδὲ
2440 2704 2467 2744 ε
2488 2680 2517 2743 ἶ
2530 2707 2562 2758 ς

615 2786 836 2848 ἔσται
869 2784 893 2865 ΙΙ
926 2784 1076 2849 οὐδὲ
1128 2786 1240 2861 εἶς
1287 2786 1459 2850 ἔσται
1504 2836 1518 2850 .
1552 2836 1565 2850 .
1603 2837 1617 2850 .
1654 2838 1667 2851 .
1718 2804 1835 2847 non
1879 2787 2061 2863 plena
2104 2789 2281 2860 atque
2324 2786 2566 2861 integ-ra

614 2888 766 2948 haec
801 2892 891 2949 est
920 2890 1230 2967 sententia,
1277 2888 1387 2949 sed
1426 2890 1703 2949 omissum
1729 2890 1851 2949 tale
1881 2888 2024 2964 quid
2050 2890 2181 2949 sine
2214 2887 2392 2947 dubio
2437 2906 2564 2959 „ne

612 3006 772 3050 unus
816 2992 1055 3064 quidem
1097 2991 1270 3053 homo
1313 2993 1623 3066 supererit
1664 2993 1729 3053 in
1774 2992 1895 3053 hac
1938 2993 2166 3053 terra“.

623 3086 786 3157 διότι
808 3142 821 3155 .
851 3143 865 3156 .
893 3143 906 3157 .
935 3088 1411 3173 αὶπαρὰπότον
1434 3094 1967 3174 ἐξορχοῖνται
1990 3098 2240 3173 φωναί;
2268 3089 2294 3175 ΙΙ
2326 3094 2563 3173 ἐξωρ·

563 3216 570 3223 ·
607 3200 911 3274 χοῦντο
970 3194 1082 3254 Bk.
1122 3192 1266 3254 Ddf.
1310 3194 1476 3260 det.
1519 3230 1605 3239 -—
1646 3191 1763 3276 τὴν
1805 3203 1951 3259 τοῦ
1996 3192 2291 3271 σώματος
2335 3192 2561 3275 εὐπρέ-

403 3418 456 3461 c.
488 3404 590 3462 25.

404 4036 456 4077 c.
492 4020 592 4077 27.

614 3320 800 3361 πειαν
833 3294 857 3379 ΙΙ
887 3316 1002 3358 om.
1033 3305 1154 3361 τοῦ
1200 3294 1563 3360 521711211.

622 3401 752 3464 εἴθε
807 3424 876 3479 γε
919 3397 942 3482 ΙΙ
986 3424 1065 3479 γε
1110 3419 1236 3462 om.
1284 3397 1653 3463 amau-1.
1700 3434 1781 3447 ·-
1824 3400 2052 3480 ῥυτίδα
2102 3406 2244 3465 τοῦ
2281 3394 2497 3480 γήρως
2543 3398 2562 3462 Ι

614 3521 740 3564 om.
783 3511 933 3567 τοῦ
978 3499 1348 3565 ιΩΓΗΜ-Ι.
1390 3538 1474 3547 -
1517 3500 1662 3566 κᾶν
1707 3505 1997 3585 παρέλθῃ
2042 3498 2121 3565 τὰ
2164 3509 2276 3582 τῆς
2320 3496 2495 3581 ὥρας
2540 3500 2561 3581 Η

613 3610 745 3670 καὶ
798 3603 893 3669 ἂν
938 3606 1103 3669 det.
1151 3606 1241 3668 Of.
1289 3607 1366 3666 ad
1411 3624 1463 3665 c.
1502 3611 1598 3667 19.
1687 3605 1835 3667 Sunt
1878 3608 2031 3666 enim
2075 3605 2191 3665 dno
2237 3606 2560 3683 enuntiata,

615 3728 861 3786 quorum
905 3713 1069 3787 prius
1117 3714 1208 3770 est
1259 3714 1392 3772 καὶ
1435 3705 1472 3789 ἣ
1520 3710 1806 3789 ἐμπειρία
1865 3708 1984 3787 ἔχει
2038 3732 2099 3771 τι
2156 3708 2365 3785 λέξαι,
2418 3724 2560 3783 pos-

613 3814 797 3873 terius
854 3814 1062 3890 incipit
1117 3831 1154 3871 a
1211 3814 1505 3889 particula
1560 3811 1952 3872 condicionali
2007 3802 2089 3875 ἄν
2141 3812 2431 3891 παρέλθῃ
2476 3806 2559 3875 τὰ

613 3921 726 3994 τῆς
772 3910 964 3994 ὥρας.

623 4012 1024 4095 τράπεζαν
1057 4013 1390 4095 ΙΙὲστίαν
1448 4012 1723 4077 I'Harl.
1780 4050 1863 4061 --
1920 4014 2111 4079 οὐδὲν
2166 4012 2262 4078 ἂν
2322 4008 2557 4093 ὀχλή-
