2750 4534
927 259 1094 314 ΥΠΕΡ
1129 259 1262 314 ΤΩΝ
1299 258 1607 314 ΕΙΚΟΝΩΝ.
2254 261 2337 318 45

169 450 320 508 νες·
370 428 541 497 ἀλλὰ
581 433 696 498 νῦν
741 423 858 497 οὐκ
903 424 1036 498 οἶδ’
1088 424 1278 508 ὅπως
1324 423 1591 516 ἀθρόαν
1634 437 2018 519 πεποίησαι
2058 431 2179 518 τὴν
2222 458 2340 516 με-

169 533 475 620 ταβολὴν
541 533 1194 622 ἐπιδαψιλευόμενος
1244 537 1356 601 καὶ
1416 533 1486 600 ἐκ
1538 538 1660 601 τοῦ
1714 539 1883 611 τέως
1942 535 2341 623 φειδομένου

169 633 449 715 ἄσωτος
505 635 574 704 ἐν
617 651 761 715 τοῖς
806 635 1115 714 ἐπαίνοις
1160 630 1619 724 ἀναπέφηνας.
1709 629 1876 704 ἀλλὰ
1922 631 2081 724 μηδ’
2134 635 2340 705 ἐκεῖνο

175 739 587 826 αἰσχυνθῇς,
647 739 707 806 εἰ
764 744 1290 826 μεταρρυθμιεῖς
1345 737 1462 806 τὸν
1520 737 1716 826 λόγον
1767 734 1891 827 ἤδη
1953 739 2342 824 διαδεδομέ-

175 860 333 908 νον·
383 839 533 908 ἐπεὶ
576 844 685 908 καὶ
723 841 1006 908 Φειδίαν
1049 845 1260 928 φασὶν
1307 833 1480 908 οὕτω
1527 845 1831 927 ποιῆσαι,
1878 837 2091 910 ὁπότε
2136 841 2343 925 ἐξειρ-

174 943 443 1029 γάσατο
475 955 618 1020 τοῖς
651 943 939 1020 Ἠλείοις
981 940 1098 1008 τὸν
1128 947 1300 1009 Δία·
1347 941 1601 1008 στάντα
1642 941 1768 1028 γὰρ
1814 936 2015 1010 αὐτὸν
2058 943 2345 1010 κατόπιν

174 1049 320 1110 τῶν
386 1047 646 1130 θυρῶν,
717 1040 930 1110 ὁπότε
995 1041 1070 1109 τὸ
1139 1047 1413 1126 πρῶτον
1481 1038 1912 1121 ἀναπετάσας
1968 1043 2345 1111 ἐπεδείκνυε

178 1145 261 1212 τὸ
331 1145 549 1232 ἔργον,
610 1145 965 1214 ἐπακούειν
1015 1148 1150 1211 τῶν
1198 1145 1614 1229 αἰτιωμένων
1656 1173 1725 1213 τι
1766 1137 1810 1234 ἢ
1857 1145 2342 1214 ἐπαινούντων·

179 1243 428 1336 ᾐτιᾶτο
482 1249 556 1315 δὲ
600 1244 635 1316 ὅ
683 1249 804 1332 μὲν
846 1246 966 1333 τὴν
1011 1248 1163 1332 ῥῖνα
1205 1244 1300 1325 ὥς
1345 1262 1651 1330 παχεῖαν,
1697 1245 1733 1315 ὃ
1782 1249 1855 1315 δὲ
1898 1246 1987 1327 ὥς
2032 1249 2346 1337 ἐπιμηκέ-

67 1365 162 1415 493
183 1375 427 1437 στερον
486 1350 562 1418 τὸ
623 1350 1026 1437 πρόσωπον,
1083 1346 1118 1416 ὅ
1181 1349 1253 1416 δὲ
1302 1345 1503 1428 ἄλλος
1546 1347 1709 1417 ἄλλο
1755 1376 1841 1417 τι.
1933 1345 2057 1418 εἶτ’
2112 1350 2344 1438 ἐπειδὴ

189 1447 676 1540 ἀπηλλάγησαν
729 1453 796 1518 οἱ
838 1456 1122 1531 θεαταί,
1185 1437 1391 1529 αὖθις
1434 1457 1550 1520 τὸν
1601 1452 1885 1518 Φειδίαν
1929 1451 2346 1538 ἐγκλεισάμε-

187 1581 308 1622 νον
367 1553 606 1622 ἕαυτόν
664 1552 1093 1638 ἐπανορθοῦν
1149 1557 1262 1620 καὶ
1314 1554 1664 1640 ῥυθμίζειν
1723 1553 1797 1620 τὸ
1861 1550 2125 1640 ἄγαλμα
2177 1555 2350 1638 πρὸς

185 1656 266 1724 τὸ
327 1671 473 1734 τοῖς
527 1657 874 1734 πλείστοις
942 1655 1206 1722 δοκοῦν·
1276 1649 1352 1722 οὗ
1418 1655 1543 1743 γὰρ
1602 1652 1823 1745 ἡγεῖτο
1879 1655 2119 1742 μικρὰν
2176 1653 2349 1722 εἶναι

192 1755 595 1848 συμβουλὴν
643 1757 856 1845 δήμου
911 1757 1265 1838 τοσούτου,
1334 1751 1486 1824 ἀλλ’
1550 1751 1662 1826 ἀεὶ
1716 1754 2071 1844 ἀναγκαῖον
2130 1754 2349 1844 ὕπάρ*

187 1887 337 1944 χειν
381 1859 539 1938 τούς
581 1858 877 1938 πολλοὺς
922 1860 1394 1944 περιττότερον
1438 1855 1603 1947 ὅρᾶν
1646 1864 1765 1928 τοῦ
1810 1860 1976 1942 ἑνός,
2022 1851 2143 1927 κάν
2191 1868 2352 1928 Φει-

193 1965 350 2042 δίας
377 1949 443 2051 ,⁹3-
502 1962 715 2029 ταῦτά
750 1985 861 2028 σοι
890 1954 1058 2048 παρ’
1097 1961 1346 2050 ἐκείνης
1377 1962 1627 2046 κομίζω
1659 1966 1771 2032 καὶ
1804 1957 2004 2041 αὐτὸς
2040 1967 2352 2048 παραινῶ

192 2065 464 2151 ἑταῖρός
507 2089 580 2130 τε
623 2067 736 2131 καὶ
781 2058 1007 2141 εὔνους
1051 2059 1161 2130 ὤν.

375 2175 476 2234 15.
520 2163 996 2234 ΛΥΚΙΝΟΣ.’
1060 2165 1530 2252 Πολύστρατε,
1591 2166 1732 2245 οἶος
1790 2157 1881 2234 ὢν
1936 2167 2152 2256 ῥήτωρ
2210 2162 2350 2234 ἐλε-
2381 2179 2452 2233 15

195 2269 438 2356 λήθεις
492 2288 604 2353 με·
664 2270 855 2356 ῥῆσιν
911 2271 1066 2354 γοῦν
1113 2261 1286 2334 οὕτω
1337 2268 1599 2354 μακρὰν
1642 2273 1752 2337 καὶ
1798 2277 2195 2357 κατηγορίαν
2238 2295 2353 2337 το-

197 2371 448 2458 σαύτην
503 2364 897 2458 ἐξενήνοχας
949 2369 1118 2436 κατὰ
1176 2373 1297 2438 τοῦ
1355 2372 1895 2457 συγγράμματος,
1958 2365 2132 2439 ὥστε
2185 2372 2353 2458 μηδὲ

197 2469 454 2540 ἐλπίδα
517 2498 637 2556 μοι
703 2466 1075 2557 ἀπολογίας
1139 2470 1240 2539 ἔτι
1301 2474 1860 2540 καταλείπεσθαι.
1952 2471 2126 2558 πλὴν
2192 2467 2345 2539 ἀλλ’

199 2559 408 2642 ἐκεῖνό
454 2599 527 2660 γε
572 2569 648 2642 οὗ
695 2573 1076 2642 δικαστικὸν
1128 2567 1533 2662 ἐποιήσατε,
1577 2577 1689 2641 καὶ
1733 2574 2026 2658 μάλιστα
2072 2573 2151 2640 σύ
2198 2569 2353 2664 ἐρή-

199 2702 331 2765 μην
387 2671 912 2762 καταδιαιτήσας
967 2679 1088 2742 τοῦ
1141 2679 1411 2762 βιβλίου
1467 2675 1557 2765 μὴ
1620 2675 1957 2762 παρόντος
2010 2669 2191 2763 αὐτῷ
2232 2682 2353 2744 τοῦ

201 2777 586 2866 συνηγόρου.
675 2778 919 2866 ῥᾷστον
951 2777 1044 2859 δέ,
1089 2775 1300 2862 οἶμαι,
1344 2778 1542 2844 τοῦτό
1576 2771 1719 2846 ἐστι
1746 2777 1914 2844 κατὰ
1945 2777 2062 2865 τὴν
2106 2803 2354 2864 παροι-

201 2887 400 2964 μίαν,
465 2879 670 2963 μόνον
737 2884 989 2947 θέοντα
1049 2893 1334 2964 κρατεῖν.
1442 2873 1615 2947 ὥστε
1681 2875 1871 2947 οὐδὲν
1936 2875 2353 2964 θαυμαστόν,

203 2982 266 3049 εἰ
323 2985 436 3050 καὶ
479 2978 670 3068 ἡμεῖς
727 2981 1027 3065 ἑάλωμεν
1071 2978 1224 3048 οὔτε
1278 2975 1523 3061 ’ὕδατος
1566 2978 1726 3071 ἡμῖν
1769 2981 2160 3065 ἐκχυθέντος
2205 2979 2357 3050 οὔτε

203 3078 580 3169 ἀπολογίας
634 3076 1116 3169 ἀποδοθείσης.
1203 3084 1459 3168 μᾶλλον
1514 3083 1585 3151 δὲ
1636 3087 1833 3150 τοῦτο
1878 3084 2153 3152 πάντων
2200 3078 2356 3152 ἀτο-

203 3185 545 3267 πώτατον,
591 3179 700 3252 ὅτι
743 3186 810 3251 οἱ
855 3178 1048 3252 αὐτοὶ
1091 3186 1447 3273 κατήγοροι
1490 3188 1599 3252 καὶ
1649 3187 1957 3255 δικασταὶ
2002 3173 2138 3275 ἦτε.
2226 3188 2358 3254 πό-

203 3313 366 3372 τερα
407 3281 472 3354 δ’
527 3275 641 3354 οὖν
687 3285 968 3368 ἐθέλεις,
1016 3281 1370 3374 ἀγαπήσας
1412 3302 1557 3367 τοῖς
1602 3287 2040 3374 ἐγνωσμένοις
2082 3285 2359 3376 ἡσυχίαν

205 3387 346 3476 ἔγω
420 3380 462 3477 ἢ
531 3388 700 3457 κατα
773 3389 892 3456 τὸν
957 3387 1278 3475 Ἱμεραῖον
1351 3390 1639 3480 ποιητὴν
1711 3391 2131 3476 παλινῳδίαν
2207 3389 2359 3458 τινὰ

207 3492 596 3581 συγγράφω,
669 3481 712 3580 ἢ
787 3492 1034 3558 δώσετέ
1104 3517 1225 3576 μοι
1299 3491 1621 3580 ἐφέσιμον
1694 3485 2170 3578 ἀγωνίσασθαι
2238 3490 2361 3578 τὴν

104 3613 190 3663 494
209 3597 428 3682 δίκην,·

377 3700 610 3766 ΠΟΛ.
699 3695 805 3782 Νὴ
865 3689 1012 3778 Δί’,
1072 3691 1284 3785 ἤνπερ
1341 3695 1490 3784 ἐ’χῃς
1544 3722 1613 3763 τι
1672 3695 1929 3762 δίκαιον
1975 3695 2223 3765 εἰπεῖν·
2281 3690 2358 3763 οὗ

205 3799 330 3887 γὰρ
363 3797 432 3866 ἐν
464 3793 845 3880 ἀντιδίκοις,
893 3794 984 3877 ὥς
1029 3797 1108 3864 σὺ
1155 3797 1306 3887 φής,
1354 3791 1505 3863 ἀλλ’
1558 3797 1626 3864 ἐν
1670 3799 1900 3886 φίλοις
1945 3797 2195 3888 ποιήσῃ
2240 3797 2361 3884 τὴν

207 3898 604 3988 ἀπολογίαν.
693 3900 816 3988 ἐγὼ
875 3901 948 3968 δὲ
1005 3903 1116 3968 καὶ
1175 3898 1731 3980 συνεξετάζεσθαί
1780 3923 1889 3969 σοι
1936 3900 2200 3987 ἕτοιμος
2244 3900 2362 3969 ἐπὶ

207 4009 325 4091 τῆς
373 4004 576 4092 δίκης.
