2750 4534
1071 253 1374 306 ΕΙΚΟΝΕΣ.
2219 251 2299 308 29

917 556 1319 638 EIKON
1343 557 1517 637 ΕΣ.

323 739 380 796 1.
425 733 875 798 ΛΥΚΙΝΟΣ.
943 722 1112 794 Ἀλλ’
1174 714 1216 813 ἦ
1260 727 1567 794 τοιοῦτόν
1610 755 1678 795 τι
1724 723 1853 812 ἄρα
1899 729 2191 811 ἔπασχον
2236 730 2301 796 οἱ
2338 742 2370 793 1

44 843 130 894 459
146 831 272 916 τὴν
328 839 391 897 Γ
387 829 559 918 οργώ
619 831 906 912 ἰδόντες,
965 829 1111 897 οἷον
1165 828 1290 916 ἐγώ
1333 830 1603 914 ἔναγχος
1646 830 1933 911 ἔπαθον,
1978 817 2031 896 ὦ
2077 830 2303 898 Πολύ-

142 959 423 1018 στρατε,
482 933 828 1021 παγκάλην
884 932 1036 1000 τινὰ
1092 946 1369 1019 γυναῖκα
1424 931 1621 998 ἰδών·
1680 926 1839 999 αὐτὸ
1892 930 2018 1018 γὰρ
2060 931 2137 1000 τὸ
2184 935 2302 998 τοῦ

141 1037 376 1120 μύθου
437 1035 642 1104 ἐκεῖνο
698 1039 933 1122 μικροῦ
992 1038 1122 1102 δέω
1179 1036 1380 1113 λίθος
1436 1033 1509 1113 ἐξ
1551 1029 1923 1116 ἀνθρώπου
1968 1057 2077 1102 σοι
2119 1058 2304 1121 γεγο-

147 1145 334 1206 νέναι
383 1138 706 1226 πεπηγώς
749 1135 884 1205 ὗπό
930 1142 1049 1204 τοῦ
1096 1137 1472 1221 θαύματος.

319 1244 1051 1309 ΠΟΛΥΣΤΡΑΤΟΣ.
1112 1237 1499 1325 (Ηράκλεις,
1546 1237 1883 1327 ὑπερφυές
1912 1267 1979 1308 τι
2010 1239 2085 1308 τὸ
2133 1247 2303 1308 θέα·

144 1373 242 1429 μα
298 1342 434 1433 φὴς
487 1347 597 1411 καὶ
658 1345 890 1421 δεινῶς
932 1349 1189 1428 βίαιον,
1249 1343 1317 1410 εἲ
1362 1369 1437 1429 γε
1492 1346 1601 1411 καὶ
1647 1353 1945 1411 Λυκῖνον
1991 1343 2307 1431 ἐξέπληξε

145 1448 303 1532 γυνή
353 1471 456 1525 τις
500 1433 702 1514 οὖσα·
749 1445 828 1512 σὺ
873 1445 998 1532 γὰρ
1043 1441 1176 1512 ὑπὸ
1223 1446 1344 1527 μὲν
1386 1449 1520 1512 τῶν
1563 1452 1927 1531 μειρακίων
1969 1449 2083 1512 καὶ
2127 1447 2305 1512 πάνυ

148 1550 404 1638 ῥᾳδίως
457 1543 616 1617 αὐτὸ
664 1548 979 1631 πάσχεις,
1037 1541 1210 1614 ὥστε
1251 1551 1511 1614 θᾶττον
1558 1543 1638 1614 ἄν
1681 1574 1786 1628 τις
1828 1542 1985 1615 ὅλον
2028 1547 2145 1615 τὸν
2189 1555 2306 1615 Σί-

149 1654 370 1719 πυλον
427 1652 923 1738 μετακινήσειεν
978 1641 1020 1737 ἢ
1081 1651 1155 1716 σὲ
1209 1654 1343 1716 τῶν
1400 1652 1613 1717 καλῶν
1682 1645 1939 1736 ἀπάγοι
2002 1649 2093 1738 μὴ
2162 1646 2306 1733 οὐχὶ

149 1753 577 1840 παρεστάναι
633 1747 860 1831 αὐτοῖς
914 1752 1230 1841 κεχηνότα
1287 1755 1403 1819 καὶ
1460 1751 1947 1834 ἐπιδακρύοντά
2011 1778 2085 1838 γε
2135 1756 2307 1819 πολ-

151 1857 344 1934 λάκις
373 1848 604 1940 ὥσπερ
637 1855 886 1942 ἐκείνην
931 1848 1136 1939 αὐτὴν
1179 1853 1296 1940 τὴν
1338 1858 1458 1922 τοῦ
1495 1855 1862 1922 Ταντάλου.
1938 1848 2109 1939 ἀτὰρ
2155 1855 2309 1921 εἰπέ

149 1985 289 2042 μοι,
335 1964 440 2035 τίς
469 1953 509 2044 ἡ
543 1955 909 2034 λιθοποιὸς
949 1949 1111 2045 αὕτη
1144 1957 1473 2024 Μέδουσα
1515 1953 1673 2046 ἡμῖν
1718 1957 1863 2024 ἐστι
1904 1961 2017 2024 καὶ
2060 1957 2304 2036 πόθεν,

151 2057 246 2138 ὡς
300 2064 414 2126 καὶ
469 2056 659 2148 ἡμεῖς
711 2061 1010 2143 ἰ’δοιμεν·
1081 2052 1156 2126 οὗ
1213 2060 1370 2145 γὰρ,
1428 2057 1650 2144 οἶμαι,
1710 2061 2086 2149 φθονήσεις
2144 2055 2301 2148 ἡμῖν

150 2167 272 2251 τῆς
315 2168 488 2240 θέας
539 2156 690 2229 οὐδὲ
736 2161 1242 2250 ζηλοτυπήσεις,
1300 2161 1361 2228 εἰ
1416 2165 1769 2247 μέλλοιμεν
1827 2167 2115 2250 πλησίον
2172 2188 2305 2228 που

146 2268 265 2332 καὶ
309 2258 500 2332 αὐτοὶ
544 2270 1113 2383 παραπεπηγέναι
1157 2287 1267 2330 σοι
1315 2263 1589 2343 ἰδόντες.

321 2373 545 2434 ΛΥΚ.
611 2368 748 2433 Καὶ
777 2366 908 2456 μὴν
953 2352 1024 2432 εὖ
1069 2365 1318 2433 εἰδέναι
1341 2392 1465 2453 χρη
1504 2391 1599 2448 σε,
1646 2362 1735 2444 ὡς
1778 2393 1902 2433 καν
1944 2391 2013 2433 εκ
2057 2391 2308 2451 περιω-

154 2472 289 2556 πῆς
329 2469 538 2552 μόνον
582 2462 832 2555 ἀπίδῃς
875 2468 972 2547 εἰς
1017 2462 1238 2557 αὐτήν,
1295 2463 1503 2553 ἀχανῆ
1548 2492 1625 2536 σε
1665 2472 1778 2536 καὶ
1822 2473 1955 2536 τῶν
2001 2464 2310 2555 ανδριάν-

149 2598 285 2638 των
318 2563 782 2658 ἀκινητότερον
820 2564 1184 2658 ἀποφανεῖ.
1255 2577 1480 2638 καίτοι
1514 2574 1712 2636 τοῦτο
1755 2572 1939 2653 μέν’
1924 2571 2087 2648 ι’σως
2132 2570 2310 2658 εἰρη-

56 2671 510 2757 46ονικιότερόν
567 2697 712 2740 εστι
767 2675 878 2739 καὶ
936 2672 1012 2740 τὸ
1071 2676 1331 2759 τραῦμα
1388 2666 1588 2760 ἦττον
1642 2679 1933 2758 καίριον,
1996 2673 2056 2740 εἰ
2114 2667 2313 2749 αὐτὸς

155 2777 366 2854 ἰ’δοις·
428 2775 487 2841 εἰ
533 2775 605 2842 δὲ
664 2771 928 2864 κάκείνη
986 2777 1447 2861 προσβλέψειε
1507 2775 1615 2851 σὲ,
1674 2781 1779 2853 τίς
1822 2774 2012 2843 ἔσται
2055 2774 2307 2862 μηχανὴ

155 2872 541 2964 ἀποστῆναι
617 2870 855 2966 αὖτῆς;
927 2870 1176 2955 απάξει
1249 2877 1373 2963 γάρ
1451 2898 1525 2943 σε
1599 2871 2063 2965 ἀναδησαμένη
2141 2876 2312 2944 ἔνθα

157 3007 239 3047 αν
314 2978 552 3067 εθέλη,
641 2972 811 3066 όπερ
899 2983 1009 3047 καὶ
1081 3006 1121 3067 η
1196 2981 1397 3058 λίθος
1466 2973 1506 3068 ἡ
1570 2975 1928 3110 (Ηρακλεία
2001 2980 2127 3068 δρᾷ
2196 2979 2315 3046 τὸν

157 3083 459 3170 σίδηρον.

331 3189 394 3250 2.
439 3187 674 3251 ΠΟΛ.
763 3183 1033 3265 Παύου,
1091 3208 1144 3249 ω
1202 3193 1488 3262 Λυκῖνε,
1546 3183 1898 3270 τεράστιόν
1954 3211 2021 3251 τι
2074 3186 2313 3262 κάλλος
2346 3191 2384 3246 2

157 3284 625 3367 ἀναπλάττων,
675 3279 812 3352 ἀλλ’
864 3285 1033 3367 εἰπέ,
1077 3292 1183 3364 τίς
1225 3282 1268 3374 ἡ
1311 3285 1467 3373 γυνή
1515 3286 1714 3354 ἐστιν.

331 3395 555 3455 ΛΥΚ.
653 3387 806 3455 Οἴει
847 3387 971 3474 γάρ
1017 3413 1100 3472 με
1141 3385 1656 3473 ὑπερβαλέσθαι
1696 3393 1796 3476 τῷ
1842 3389 2034 3476 λόγῳ,
2088 3387 2165 3467 ὃς
2209 3388 2317 3454 δέ·

161 3493 277 3559 δια
305 3491 398 3579 μή
433 3513 542 3557 σοι
573 3489 787 3557 ἰδόντι
833 3483 1130 3579 ἀσθενής
1170 3514 1276 3568 τις
1319 3489 1675 3558 ἐπαινέσαι
1720 3491 1925 3569 δόξω·
1971 3489 2160 3576 παρὰ
2204 3517 2320 3557 το-

163 3597 409 3661 σοῦτον
468 3586 756 3674 ἀμείνων
813 3606 1149 3680 φανεῖται.
1238 3591 1415 3680 πλὴν
1460 3586 1611 3658 ἀλλ’
1675 3585 1825 3682 ἥτις
1863 3598 2018 3676 μέν,
2078 3587 2195 3659 οὐκ
2238 3582 2319 3659 ἂν

165 3695 389 3762 εἰπεῖν
421 3693 656 3779 ἔχοιμι,
701 3699 1044 3781 θεραπεία
1087 3694 1160 3762 δὲ
1193 3693 1409 3782 πολλὴ
1456 3697 1569 3763 καὶ
1610 3691 1651 3783 ἡ
1697 3690 1863 3782 ἄλλη
1910 3699 2071 3781 περὶ
2116 3688 2321 3783 αὐτὴν

165 3795 558 3886 παρασκευὴ
619 3796 896 3882 λαμπρὰ
950 3799 1061 3865 καὶ
1121 3790 1445 3880 εὐνούχων
1498 3823 1567 3864 τι
1620 3799 1890 3884 πλῆθος
1947 3800 2060 3864 καὶ
2118 3789 2322 3885 ἅβραι

165 3899 350 3966 πάνυ
393 3899 666 3978 πολλαί,
711 3901 823 3966 καὶ
867 3891 1040 3977 ὅλως
1082 3897 1308 3983 μεῖζόν
1351 3923 1426 3983 γε
1469 3888 1511 3987 ἢ
1553 3890 1688 3965 κατ’
1744 3898 2082 3985 ἰδιωτικὴν
2123 3899 2320 3988 τύχην

172 4001 388 4070 ἐδόκει
431 4003 510 4068 τὸ
557 4004 836 4089 πρᾶγμα
882 3997 1074 4069 εἶναι.
