<?xml version="1.0" encoding="UTF-8"?>
<!DOCTYPE html PUBLIC "-//W3C//DTD XHTML 1.0 Transitional//EN"
    "http://www.w3.org/TR/xhtml1/DTD/xhtml1-transitional.dtd">
<html xmlns="http://www.w3.org/1999/xhtml" xml:lang="en" lang="en">
 <head>
  <title>
</title>
<meta http-equiv="Content-Type" content="text/html;charset=utf-8" />
  <meta name='ocr-system' content='tesseract 3.04.00' />
  <meta name='ocr-capabilities' content='ocr_page ocr_carea ocr_par ocr_line ocrx_word'/>
</head>
<body>
  <div class='ocr_page' id='page_1' title='image "./lucianus01sommgoog/lucianus01sommgoog_0117.png"; bbox 0 0 2750 4534; ppageno 0'>
   <div class='ocr_carea' id='block_1_1' title="bbox 981 241 2353 299">
    <p class='ocr_par' dir='ltr' id='par_1_1' title="bbox 981 241 2353 299">
     <span class='ocr_line' id='line_1_1' title="bbox 981 241 2353 299; baseline 0.002 -4"><span class='ocrx_word' id='word_1_1' title='bbox 981 242 1143 295; x_wconf 86' lang='grc' dir='ltr'><strong>ΖΕΥΣ</strong></span> <span class='ocrx_word' id='word_1_2' title='bbox 1177 241 1545 295; x_wconf 82' lang='grc' dir='ltr'><strong><em>ΤΡΑΓΩιΔΟΣ.</em></strong></span> <span class='ocrx_word' id='word_1_3' title='bbox 2234 242 2353 299; x_wconf 90' lang='grc'><strong><em>101</em></strong></span> 
     </span>
    </p>
   </div>
   <div class='ocr_carea' id='block_1_2' title="bbox 115 396 2457 4073">
    <p class='ocr_par' dir='ltr' id='par_1_2' title="bbox 201 396 2357 883">
     <span class='ocr_line' id='line_1_2' title="bbox 381 396 2356 500; baseline 0.003 -27"><span class='ocrx_word' id='word_1_4' title='bbox 381 413 591 475; x_wconf 88' lang='grc' dir='ltr'><strong><em>ΕΡΜ.</em></strong></span> <span class='ocrx_word' id='word_1_5' title='bbox 691 404 826 494; x_wconf 74' lang='grc' dir='ltr'><strong><em>Οὐχ</em></strong></span> <span class='ocrx_word' id='word_1_6' title='bbox 880 404 1206 493; x_wconf 66' lang='grc' dir='ltr'><strong><em>ἅπαντες,</em></strong></span> <span class='ocrx_word' id='word_1_7' title='bbox 1266 396 1320 475; x_wconf 70' lang='grc' dir='ltr'><em>ὦ</em></span> <span class='ocrx_word' id='word_1_8' title='bbox 1373 414 1536 491; x_wconf 87' lang='grc' dir='ltr'><em>Ζεῦ,</em></span> <span class='ocrx_word' id='word_1_9' title='bbox 1592 408 1711 498; x_wconf 82' lang='grc' dir='ltr'><strong><em>τὴν</em></strong></span> <span class='ocrx_word' id='word_1_10' title='bbox 1750 407 2069 498; x_wconf 86' lang='grc' dir='ltr'><strong><em>Ἑλλήνων</em></strong></span> <span class='ocrx_word' id='word_1_11' title='bbox 2129 411 2356 500; x_wconf 85' lang='grc' dir='ltr'><strong><em>φωνὴν</em></strong></span> 
     </span>
     <span class='ocr_line' id='line_1_3' title="bbox 206 503 2357 595; baseline 0.002 -23"><span class='ocrx_word' id='word_1_12' title='bbox 206 506 537 583; x_wconf 82' lang='grc' dir='ltr'><strong><em>ξυνιᾶσιν·</em></strong></span> <span class='ocrx_word' id='word_1_13' title='bbox 598 506 723 593; x_wconf 78' lang='grc' dir='ltr'><strong><em>ἐγὼ</em></strong></span> <span class='ocrx_word' id='word_1_14' title='bbox 785 509 856 575; x_wconf 85' lang='grc' dir='ltr'><strong><em>δὲ</em></strong></span> <span class='ocrx_word' id='word_1_15' title='bbox 915 503 990 576; x_wconf 82' lang='grc' dir='ltr'><strong><em>ού</em></strong></span> <span class='ocrx_word' id='word_1_16' title='bbox 1049 508 1519 595; x_wconf 81' lang='grc' dir='ltr'><strong><em>πολύγλωττός</em></strong></span> <span class='ocrx_word' id='word_1_17' title='bbox 1572 507 1740 592; x_wconf 81' lang='grc' dir='ltr'><strong><em>εἰμι,</em></strong></span> <span class='ocrx_word' id='word_1_18' title='bbox 1800 508 1972 575; x_wconf 76' lang='grc' dir='ltr'><strong><em>ὥστε</em></strong></span> <span class='ocrx_word' id='word_1_19' title='bbox 2027 513 2136 576; x_wconf 83' lang='grc' dir='ltr'><strong><em>καὶ</em></strong></span> <span class='ocrx_word' id='word_1_20' title='bbox 2190 509 2357 577; x_wconf 84' lang='grc' dir='ltr'><strong><em>Σκύ-</em></strong></span> 
     </span>
     <span class='ocr_line' id='line_1_4' title="bbox 201 610 2354 700; baseline 0.002 -27"><span class='ocrx_word' id='word_1_21' title='bbox 201 612 372 686; x_wconf 88' lang='grc' dir='ltr'><strong><em>θαις</em></strong></span> <span class='ocrx_word' id='word_1_22' title='bbox 423 610 533 675; x_wconf 88' lang='grc' dir='ltr'><strong><em>καὶ</em></strong></span> <span class='ocrx_word' id='word_1_23' title='bbox 579 615 880 697; x_wconf 83' lang='grc' dir='ltr'><strong><em>Πέρσαις</em></strong></span> <span class='ocrx_word' id='word_1_24' title='bbox 930 614 1042 678; x_wconf 84' lang='grc' dir='ltr'><strong><em>καὶ</em></strong></span> <span class='ocrx_word' id='word_1_25' title='bbox 1091 610 1300 700; x_wconf 78' lang='grc' dir='ltr'><strong><em>Θρᾳξὶ</em></strong></span> <span class='ocrx_word' id='word_1_26' title='bbox 1346 613 1458 677; x_wconf 85' lang='grc' dir='ltr'><strong><em>καὶ</em></strong></span> <span class='ocrx_word' id='word_1_27' title='bbox 1503 612 1781 689; x_wconf 82' lang='grc' dir='ltr'><strong><em>Κελτοῖς</em></strong></span> <span class='ocrx_word' id='word_1_28' title='bbox 1842 610 2073 689; x_wconf 82' lang='grc' dir='ltr'><strong><em>ξυνετὰ</em></strong></span> <span class='ocrx_word' id='word_1_29' title='bbox 2117 611 2354 699; x_wconf 88' lang='grc' dir='ltr'><strong><em>κηρύτ-</em></strong></span> 
     </span>
     <span class='ocr_line' id='line_1_5' title="bbox 201 710 2355 802; baseline 0.002 -28"><span class='ocrx_word' id='word_1_30' title='bbox 201 734 361 777; x_wconf 83' lang='grc' dir='ltr'><strong><em>τειν.</em></strong></span> <span class='ocrx_word' id='word_1_31' title='bbox 457 736 728 794; x_wconf 87' lang='grc' dir='ltr'><strong><em>αμεινον</em></strong></span> <span class='ocrx_word' id='word_1_32' title='bbox 773 710 908 798; x_wconf 81' lang='grc' dir='ltr'><strong><em>οὖν,</em></strong></span> <span class='ocrx_word' id='word_1_33' title='bbox 956 710 1179 797; x_wconf 86' lang='grc' dir='ltr'><strong><em>οἶμαι,</em></strong></span> <span class='ocrx_word' id='word_1_34' title='bbox 1237 716 1320 801; x_wconf 85' lang='grc' dir='ltr'><strong><em>τῇ</em></strong></span> <span class='ocrx_word' id='word_1_35' title='bbox 1365 715 1537 798; x_wconf 86' lang='grc' dir='ltr'><strong><em>χειρὶ</em></strong></span> <span class='ocrx_word' id='word_1_36' title='bbox 1587 718 1931 802; x_wconf 80' lang='grc' dir='ltr'><strong><em>σημαίνειν</em></strong></span> <span class='ocrx_word' id='word_1_37' title='bbox 1972 715 2083 779; x_wconf 84' lang='grc' dir='ltr'><strong><em>καὶ</em></strong></span> <span class='ocrx_word' id='word_1_38' title='bbox 2131 739 2355 795; x_wconf 89' lang='grc' dir='ltr'><strong><em>παρα-</em></strong></span> 
     </span>
     <span class='ocr_line' id='line_1_6' title="bbox 199 812 936 883; baseline 0.008 -6.025"><span class='ocrx_word' id='word_1_39' title='bbox 199 812 600 881; x_wconf 75' lang='grc' dir='ltr'><strong><em>κελεύεσθαι</em></strong></span> <span class='ocrx_word' id='word_1_40' title='bbox 645 819 936 883; x_wconf 79' lang='grc' dir='ltr'><strong><em>σιωπᾶν.</em></strong></span> 
     </span>
    </p>

    <p class='ocr_par' dir='ltr' id='par_1_3' title="bbox 375 909 1176 986">
     <span class='ocr_line' id='line_1_7' title="bbox 375 909 1176 986; baseline 0.006 -7"><span class='ocrx_word' id='word_1_41' title='bbox 375 920 624 982; x_wconf 88' lang='grc' dir='ltr'><strong><em>ΖΕΥΣ.</em></strong></span> <span class='ocrx_word' id='word_1_42' title='bbox 729 909 922 984; x_wconf 86' lang='grc' dir='ltr'><strong><em>Ου’τω</em></strong></span> <span class='ocrx_word' id='word_1_43' title='bbox 967 925 1176 986; x_wconf 88' lang='grc' dir='ltr'><strong><em>ποίει.</em></strong></span> 
     </span>
    </p>

    <p class='ocr_par' dir='ltr' id='par_1_4' title="bbox 200 1006 2457 1620">
     <span class='ocr_line' id='line_1_8' title="bbox 379 1006 2457 1108; baseline 0.001 -26"><span class='ocrx_word' id='word_1_44' title='bbox 379 1025 479 1083; x_wconf 90' lang='grc'><strong><em>14.</em></strong></span> <span class='ocrx_word' id='word_1_45' title='bbox 529 1022 738 1085; x_wconf 89' lang='grc' dir='ltr'><strong><em>ΕΡΜ.</em></strong></span> <span class='ocrx_word' id='word_1_46' title='bbox 828 1006 921 1085; x_wconf 72' lang='grc' dir='ltr'><strong><em>Εὖ</em></strong></span> <span class='ocrx_word' id='word_1_47' title='bbox 979 1045 1082 1107; x_wconf 82' lang='grc' dir='ltr'><strong><em>γε,</em></strong></span> <span class='ocrx_word' id='word_1_48' title='bbox 1144 1015 1568 1108; x_wconf 75' lang='grc' dir='ltr'><strong><em>ἀφωνότεροι</em></strong></span> <span class='ocrx_word' id='word_1_49' title='bbox 1622 1025 2003 1108; x_wconf 81' lang='grc' dir='ltr'><strong><em>γεγένηνταί</em></strong></span> <span class='ocrx_word' id='word_1_50' title='bbox 2058 1044 2167 1088; x_wconf 91' lang='grc' dir='ltr'><strong><em>σοι</em></strong></span> <span class='ocrx_word' id='word_1_51' title='bbox 2218 1024 2351 1087; x_wconf 90' lang='grc' dir='ltr'><strong><em>τῶν</em></strong></span> <span class='ocrx_word' id='word_1_52' title='bbox 2381 1028 2457 1085; x_wconf 76' lang='lat'><strong><em>14</em></strong></span> 
     </span>
     <span class='ocr_line' id='line_1_9' title="bbox 200 1114 2352 1212; baseline 0.004 -30"><span class='ocrx_word' id='word_1_53' title='bbox 200 1124 566 1207; x_wconf 82' lang='grc' dir='ltr'><strong><em>σοφιστῶν.</em></strong></span> <span class='ocrx_word' id='word_1_54' title='bbox 656 1114 829 1188; x_wconf 75' lang='grc' dir='ltr'><strong><em>ὥστε</em></strong></span> <span class='ocrx_word' id='word_1_55' title='bbox 874 1115 1016 1208; x_wconf 79' lang='grc' dir='ltr'><strong><em>ὥρα</em></strong></span> <span class='ocrx_word' id='word_1_56' title='bbox 1063 1123 1477 1212; x_wconf 82' lang='grc' dir='ltr'><strong><em>δημηγορεῖν.</em></strong></span> <span class='ocrx_word' id='word_1_57' title='bbox 1546 1118 1740 1211; x_wconf 78' lang='grc' dir='ltr'><strong><em>ὖρᾷς,·</em></strong></span> <span class='ocrx_word' id='word_1_58' title='bbox 1795 1122 2016 1191; x_wconf 85' lang='grc' dir='ltr'><strong><em>πάλαι</em></strong></span> <span class='ocrx_word' id='word_1_59' title='bbox 2060 1122 2233 1208; x_wconf 85' lang='grc' dir='ltr'><strong><em>πρὸς</em></strong></span> <span class='ocrx_word' id='word_1_60' title='bbox 2278 1124 2352 1190; x_wconf 81' lang='grc' dir='ltr'><strong><em>σὲ</em></strong></span> 
     </span>
     <span class='ocr_line' id='line_1_10' title="bbox 201 1214 2079 1341; baseline 0.004 -56"><span class='ocrx_word' id='word_1_61' title='bbox 201 1214 673 1305; x_wconf 77' lang='grc' dir='ltr'><strong><em>ἀποβλέπουσι</em></strong></span> <span class='ocrx_word' id='word_1_62' title='bbox 715 1229 1187 1310; x_wconf 82' lang='grc' dir='ltr'><strong><em>περιμένοντες</em></strong></span> <span class='ocrx_word' id='word_1_63' title='bbox 1231 1252 1268 1293; x_wconf 93' lang='grc' dir='ltr'><strong><em>ο</em></strong></span> <span class='ocrx_word' id='word_1_64' title='bbox 1313 1252 1383 1292; x_wconf 94' lang='grc' dir='ltr'><strong><em>τι</em></strong></span> <span class='ocrx_word' id='word_1_65' title='bbox 1426 1227 1537 1291; x_wconf 86' lang='grc' dir='ltr'><strong><em>καὶ</em></strong></span> <span class='ocrx_word' id='word_1_66' title='bbox 1584 1224 1775 1310; x_wconf 86' lang='grc' dir='ltr'><strong><em>ἐρεῖς.</em></strong></span> <span class='ocrx_word' id='word_1_67' title='bbox 2047 1317 2079 1341; x_wconf 46' lang='grc' dir='ltr'><strong><em>Ἀ</em></strong></span> 
     </span>
     <span class='ocr_line' id='line_1_11' title="bbox 201 1422 2352 1553; baseline 0.002 -62"><span class='ocrx_word' id='word_1_68' title='bbox 201 1449 397 1511; x_wconf 92' lang='grc' dir='ltr'><strong><em>σαιμι</em></strong></span> <span class='ocrx_word' id='word_1_69' title='bbox 427 1426 604 1553; x_wconf 78' lang='grc' dir='ltr'><strong><em>πρὸς</em></strong></span> <span class='ocrx_word' id='word_1_70' title='bbox 648 1428 724 1495; x_wconf 80' lang='grc' dir='ltr'><strong><em>σὲ</em></strong></span> <span class='ocrx_word' id='word_1_71' title='bbox 769 1429 984 1497; x_wconf 80' lang='grc' dir='ltr'><strong><em>εἰπεῖν</em></strong></span> <span class='ocrx_word' id='word_1_72' title='bbox 1030 1426 1260 1497; x_wconf 79' lang='grc' dir='ltr'><strong><em>υἷὸν”</em></strong></span> <span class='ocrx_word' id='word_1_73' title='bbox 1220 1456 1403 1498; x_wconf 90' lang='grc' dir='ltr'><strong><em>οντα.</em></strong></span> <span class='ocrx_word' id='word_1_74' title='bbox 1485 1422 1768 1497; x_wconf 54' lang='grc' dir='ltr'><strong><em>οἶσθα(</em></strong></span> <span class='ocrx_word' id='word_1_75' title='bbox 1742 1423 1933 1508; x_wconf 90' lang='grc' dir='ltr'><strong><em>όπως</em></strong></span> <span class='ocrx_word' id='word_1_76' title='bbox 1974 1429 2352 1515; x_wconf 72' lang='grc' dir='ltr'><strong><em>θαρραλέος</em></strong></span> 
     </span>
     <span class='ocr_line' id='line_1_12' title="bbox 200 1518 1827 1620; baseline 0.002 -25"><span class='ocrx_word' id='word_1_77' title='bbox 200 1523 304 1596; x_wconf 74' lang='grc' dir='ltr'><strong><em>ἀεὶ</em></strong></span> <span class='ocrx_word' id='word_1_78' title='bbox 347 1532 464 1597; x_wconf 88' lang='grc' dir='ltr'><strong><em>καὶ</em></strong></span> <span class='ocrx_word' id='word_1_79' title='bbox 507 1532 958 1619; x_wconf 87' lang='grc' dir='ltr'><strong><em>μεγαληγόρος</em></strong></span> <span class='ocrx_word' id='word_1_80' title='bbox 1005 1531 1072 1599; x_wconf 90' lang='grc' dir='ltr'><strong><em>ἐν</em></strong></span> <span class='ocrx_word' id='word_1_81' title='bbox 1116 1546 1266 1611; x_wconf 89' lang='grc' dir='ltr'><strong><em>ταῖς</em></strong></span> <span class='ocrx_word' id='word_1_82' title='bbox 1310 1532 1685 1620; x_wconf 77' lang='grc' dir='ltr'><strong><em>ἐκκλησίαις</em></strong></span> <span class='ocrx_word' id='word_1_83' title='bbox 1729 1518 1827 1620; x_wconf 81' lang='grc' dir='ltr'><strong><em>ἦν.</em></strong></span> 
     </span>
    </p>

    <p class='ocr_par' dir='ltr' id='par_1_5' title="bbox 200 1630 2350 1929">
     <span class='ocr_line' id='line_1_13' title="bbox 367 1630 2350 1722; baseline 0.001 -24"><span class='ocrx_word' id='word_1_84' title='bbox 367 1638 580 1699; x_wconf 84' lang='grc' dir='ltr'><strong><em>ΕΡΜ.</em></strong></span> <span class='ocrx_word' id='word_1_85' title='bbox 680 1631 851 1701; x_wconf 82' lang='grc' dir='ltr'><strong><em>Οἶδα</em></strong></span> <span class='ocrx_word' id='word_1_86' title='bbox 907 1639 1020 1702; x_wconf 89' lang='grc' dir='ltr'><strong><em>καὶ</em></strong></span> <span class='ocrx_word' id='word_1_87' title='bbox 1088 1634 1365 1703; x_wconf 76' lang='grc' dir='ltr'><strong><em>ἐδεδίειν</em></strong></span> <span class='ocrx_word' id='word_1_88' title='bbox 1430 1660 1503 1720; x_wconf 88' lang='grc' dir='ltr'><strong><em>γε</em></strong></span> <span class='ocrx_word' id='word_1_89' title='bbox 1564 1630 1818 1701; x_wconf 75' lang='grc' dir='ltr'><strong><em>ἀκούων</em></strong></span> <span class='ocrx_word' id='word_1_90' title='bbox 1876 1658 1995 1701; x_wconf 92' lang='grc' dir='ltr'><strong><em>σου</em></strong></span> <span class='ocrx_word' id='word_1_91' title='bbox 2062 1634 2350 1722; x_wconf 88' lang='grc' dir='ltr'><strong><em>δημηγο-</em></strong></span> 
     </span>
     <span class='ocr_line' id='line_1_14' title="bbox 200 1731 2350 1827; baseline 0 -27"><span class='ocrx_word' id='word_1_92' title='bbox 200 1738 500 1818; x_wconf 84' lang='grc' dir='ltr'><strong><em>ροῦντος,</em></strong></span> <span class='ocrx_word' id='word_1_93' title='bbox 547 1738 658 1803; x_wconf 86' lang='grc' dir='ltr'><strong><em>καὶ</em></strong></span> <span class='ocrx_word' id='word_1_94' title='bbox 701 1737 995 1820; x_wconf 87' lang='grc' dir='ltr'><strong><em>μάλιστα</em></strong></span> <span class='ocrx_word' id='word_1_95' title='bbox 1041 1735 1254 1806; x_wconf 81' lang='grc' dir='ltr'><strong><em>ὁπότε</em></strong></span> <span class='ocrx_word' id='word_1_96' title='bbox 1301 1732 1605 1827; x_wconf 84' lang='grc' dir='ltr'><strong><em>ἠπείλεις</em></strong></span> <span class='ocrx_word' id='word_1_97' title='bbox 1650 1731 2068 1805; x_wconf 75' lang='grc' dir='ltr'><strong><em>ἀνασπάσειν</em></strong></span> <span class='ocrx_word' id='word_1_98' title='bbox 2114 1735 2183 1801; x_wconf 88' lang='grc' dir='ltr'><strong><em>ἐκ</em></strong></span> <span class='ocrx_word' id='word_1_99' title='bbox 2223 1735 2350 1819; x_wconf 83' lang='grc' dir='ltr'><strong><em>βά-</em></strong></span> 
     </span>
     <span class='ocr_line' id='line_1_15' title="bbox 201 1835 2349 1929; baseline 0.001 -28"><span class='ocrx_word' id='word_1_100' title='bbox 201 1841 393 1922; x_wconf 88' lang='grc' dir='ltr'><strong><em>θρων</em></strong></span> <span class='ocrx_word' id='word_1_101' title='bbox 421 1836 542 1926; x_wconf 79' lang='grc' dir='ltr'><strong><em>τὴν</em></strong></span> <span class='ocrx_word' id='word_1_102' title='bbox 585 1842 704 1923; x_wconf 84' lang='grc' dir='ltr'><strong><em>γῆν</em></strong></span> <span class='ocrx_word' id='word_1_103' title='bbox 732 1842 842 1907; x_wconf 83' lang='grc' dir='ltr'><strong><em>καὶ</em></strong></span> <span class='ocrx_word' id='word_1_104' title='bbox 887 1839 1006 1929; x_wconf 85' lang='grc' dir='ltr'><strong><em>τὴν</em></strong></span> <span class='ocrx_word' id='word_1_105' title='bbox 1051 1841 1400 1907; x_wconf 88' lang='grc' dir='ltr'><strong><em>θάλατταν</em></strong></span> <span class='ocrx_word' id='word_1_106' title='bbox 1446 1835 1674 1918; x_wconf 75' lang='grc' dir='ltr'><strong><em>αὐτοῖς</em></strong></span> <span class='ocrx_word' id='word_1_107' title='bbox 1719 1845 1912 1918; x_wconf 90' lang='grc' dir='ltr'><strong><em>θεοῖς</em></strong></span> <span class='ocrx_word' id='word_1_108' title='bbox 1953 1837 2072 1927; x_wconf 85' lang='grc' dir='ltr'><strong><em>τὴν</em></strong></span> <span class='ocrx_word' id='word_1_109' title='bbox 2121 1837 2349 1923; x_wconf 83' lang='grc' dir='ltr'><strong><em>σειρὰν</em></strong></span> 
     </span>
    </p>

    <p class='ocr_par' dir='ltr' id='par_1_6' title="bbox 115 1938 1202 2029">
     <span class='ocr_line' id='line_1_16' title="bbox 115 1938 1202 2029; baseline 0.006 -25"><span class='ocrx_word' id='word_1_110' title='bbox 115 1948 186 1999; x_wconf 81' lang='grc'><strong><em>657</em></strong></span> <span class='ocrx_word' id='word_1_111' title='bbox 204 1938 453 2028; x_wconf 86' lang='grc' dir='ltr'><strong><em>ἐκείνην</em></strong></span> <span class='ocrx_word' id='word_1_112' title='bbox 495 1940 614 2029; x_wconf 83' lang='grc' dir='ltr'><strong><em>τὴν</em></strong></span> <span class='ocrx_word' id='word_1_113' title='bbox 653 1950 900 2029; x_wconf 84' lang='grc' dir='ltr'><strong><em>χρυσῆν</em></strong></span> <span class='ocrx_word' id='word_1_114' title='bbox 944 1948 1202 2021; x_wconf 89' lang='grc' dir='ltr'><strong><em>καθείς.</em></strong></span> 
     </span>
    </p>

    <p class='ocr_par' dir='ltr' id='par_1_7' title="bbox 203 2030 2349 2843">
     <span class='ocr_line' id='line_1_17' title="bbox 368 2030 2345 2126; baseline 0.002 -21"><span class='ocrx_word' id='word_1_115' title='bbox 368 2046 621 2107; x_wconf 84' lang='grc' dir='ltr'><strong><em>ΖΕΥΣ.</em></strong></span> <span class='ocrx_word' id='word_1_116' title='bbox 703 2037 912 2109; x_wconf 82' lang='grc' dir='ltr'><strong><em>Ἀλλὰ</em></strong></span> <span class='ocrx_word' id='word_1_117' title='bbox 973 2048 1115 2125; x_wconf 84' lang='grc' dir='ltr'><strong><em>νῦν,</em></strong></span> <span class='ocrx_word' id='word_1_118' title='bbox 1175 2030 1230 2109; x_wconf 80' lang='grc' dir='ltr'><strong><em>ῶ</em></strong></span> <span class='ocrx_word' id='word_1_119' title='bbox 1287 2050 1543 2126; x_wconf 86' lang='grc' dir='ltr'><strong><em>τέκνον,</em></strong></span> <span class='ocrx_word' id='word_1_120' title='bbox 1604 2043 1721 2111; x_wconf 81' lang='grc' dir='ltr'><strong><em>οὐκ</em></strong></span> <span class='ocrx_word' id='word_1_121' title='bbox 1779 2040 1961 2125; x_wconf 84' lang='grc' dir='ltr'><strong><em>οἶδα,</em></strong></span> <span class='ocrx_word' id='word_1_122' title='bbox 2022 2044 2157 2110; x_wconf 80' lang='grc' dir='ltr'><strong><em>ε’ίτε</em></strong></span> <span class='ocrx_word' id='word_1_123' title='bbox 2210 2039 2345 2109; x_wconf 83' lang='grc' dir='ltr'><strong><em>ὖπὸ</em></strong></span> 
     </span>
     <span class='ocr_line' id='line_1_18' title="bbox 203 2142 2349 2235; baseline 0.002 -28"><span class='ocrx_word' id='word_1_124' title='bbox 203 2147 315 2208; x_wconf 85' lang='grc' dir='ltr'><strong><em>τοῦ</em></strong></span> <span class='ocrx_word' id='word_1_125' title='bbox 372 2149 704 2229; x_wconf 81' lang='grc' dir='ltr'><strong><em>μεγέθους</em></strong></span> <span class='ocrx_word' id='word_1_126' title='bbox 759 2150 894 2211; x_wconf 91' lang='grc' dir='ltr'><strong><em>τῶν</em></strong></span> <span class='ocrx_word' id='word_1_127' title='bbox 951 2145 1348 2235; x_wconf 76' lang='grc' dir='ltr'><strong><em>ἐφεστώτων</em></strong></span> <span class='ocrx_word' id='word_1_128' title='bbox 1410 2146 1645 2215; x_wconf 85' lang='grc' dir='ltr'><strong><em>δεινῶν</em></strong></span> <span class='ocrx_word' id='word_1_129' title='bbox 1704 2146 1838 2212; x_wconf 75' lang='grc' dir='ltr'><strong><em>εἴτε</em></strong></span> <span class='ocrx_word' id='word_1_130' title='bbox 1894 2148 2004 2212; x_wconf 86' lang='grc' dir='ltr'><strong><em>καὶ</em></strong></span> <span class='ocrx_word' id='word_1_131' title='bbox 2049 2142 2183 2213; x_wconf 75' lang='grc' dir='ltr'><strong><em>ὑπὸ</em></strong></span> <span class='ocrx_word' id='word_1_132' title='bbox 2230 2150 2349 2212; x_wconf 87' lang='grc' dir='ltr'><strong><em>τοῦ</em></strong></span> 
     </span>
     <span class='ocr_line' id='line_1_19' title="bbox 204 2243 2345 2337; baseline 0.002 -28"><span class='ocrx_word' id='word_1_133' title='bbox 204 2246 512 2334; x_wconf 86' lang='grc' dir='ltr'><strong><em>πλήθους</em></strong></span> <span class='ocrx_word' id='word_1_134' title='bbox 569 2251 702 2314; x_wconf 89' lang='grc' dir='ltr'><strong><em>τῶν</em></strong></span> <span class='ocrx_word' id='word_1_135' title='bbox 746 2248 1101 2331; x_wconf 84' lang='grc' dir='ltr'><strong><em>παρόντων</em></strong></span> <span class='ocrx_word' id='word_1_136' title='bbox 1148 2286 1228 2297; x_wconf 83' lang='grc'><strong>-</strong></span> <span class='ocrx_word' id='word_1_137' title='bbox 1275 2248 1765 2337; x_wconf 87' lang='grc' dir='ltr'><strong><em>πολυθεωτάτη</em></strong></span> <span class='ocrx_word' id='word_1_138' title='bbox 1811 2249 1967 2335; x_wconf 89' lang='grc' dir='ltr'><strong><em>γάρ,</em></strong></span> <span class='ocrx_word' id='word_1_139' title='bbox 2030 2243 2118 2325; x_wconf 84' lang='grc' dir='ltr'><strong><em>ὥς</em></strong></span> <span class='ocrx_word' id='word_1_140' title='bbox 2164 2244 2345 2337; x_wconf 77' lang='grc' dir='ltr'><strong><em>ὁρᾷς,</em></strong></span> 
     </span>
     <span class='ocr_line' id='line_1_20' title="bbox 203 2343 2347 2441; baseline 0 -27"><span class='ocrx_word' id='word_1_141' title='bbox 203 2343 236 2431; x_wconf 80' lang='grc' dir='ltr'>ἡ</span> <span class='ocrx_word' id='word_1_142' title='bbox 282 2346 597 2436; x_wconf 77' lang='grc' dir='ltr'><strong><em>ἐκκλησία</em></strong></span> <span class='ocrx_word' id='word_1_143' title='bbox 643 2389 727 2399; x_wconf 94' lang='grc'><strong>-</strong></span> <span class='ocrx_word' id='word_1_144' title='bbox 772 2351 1297 2438; x_wconf 81' lang='grc' dir='ltr'><strong><em>διατετάραγμαι</em></strong></span> <span class='ocrx_word' id='word_1_145' title='bbox 1337 2350 1459 2441; x_wconf 85' lang='grc' dir='ltr'><strong><em>τὴν</em></strong></span> <span class='ocrx_word' id='word_1_146' title='bbox 1500 2351 1763 2439; x_wconf 85' lang='grc' dir='ltr'><strong><em>γνώμην</em></strong></span> <span class='ocrx_word' id='word_1_147' title='bbox 1806 2354 1919 2417; x_wconf 87' lang='grc' dir='ltr'><strong><em>καὶ</em></strong></span> <span class='ocrx_word' id='word_1_148' title='bbox 1962 2346 2347 2435; x_wconf 76' lang='grc' dir='ltr'><strong><em>ὑπότρομός</em></strong></span> 
     </span>
     <span class='ocr_line' id='line_1_21' title="bbox 205 2445 2347 2575; baseline 0.002 -61"><span class='ocrx_word' id='word_1_149' title='bbox 205 2449 336 2533; x_wconf 83' lang='grc' dir='ltr'><strong><em>εἰμι</em></strong></span> <span class='ocrx_word' id='word_1_150' title='bbox 379 2453 494 2517; x_wconf 88' lang='grc' dir='ltr'><strong><em>καὶ</em></strong></span> <span class='ocrx_word' id='word_1_151' title='bbox 539 2447 578 2537; x_wconf 85' lang='grc' dir='ltr'>ἡ</span> <span class='ocrx_word' id='word_1_152' title='bbox 624 2453 886 2538; x_wconf 89' lang='grc' dir='ltr'><strong><em>γλῶττά</em></strong></span> <span class='ocrx_word' id='word_1_153' title='bbox 929 2478 1060 2537; x_wconf 94' lang='grc' dir='ltr'><strong><em>μου</em></strong></span> <span class='ocrx_word' id='word_1_154' title='bbox 1107 2454 1534 2575; x_wconf 86' lang='grc' dir='ltr'><strong><em>πεπεδημένῃ</em></strong></span> <span class='ocrx_word' id='word_1_155' title='bbox 1582 2453 1787 2520; x_wconf 73' lang='grc' dir='ltr'><strong><em>ἔοικε·</em></strong></span> <span class='ocrx_word' id='word_1_156' title='bbox 1832 2451 1908 2520; x_wconf 84' lang='grc' dir='ltr'><strong><em>τὸ</em></strong></span> <span class='ocrx_word' id='word_1_157' title='bbox 1958 2452 2031 2517; x_wconf 84' lang='grc' dir='ltr'><strong><em>δὲ</em></strong></span> <span class='ocrx_word' id='word_1_158' title='bbox 2077 2445 2347 2518; x_wconf 76' lang='grc' dir='ltr'><strong><em>ἀτοπώ-</em></strong></span> 
     </span>
     <span class='ocr_line' id='line_1_22' title="bbox 204 2549 2343 2675; baseline 0.001 -59"><span class='ocrx_word' id='word_1_159' title='bbox 204 2578 399 2619; x_wconf 91' lang='grc' dir='ltr'><strong><em>τατον</em></strong></span> <span class='ocrx_word' id='word_1_160' title='bbox 432 2549 770 2635; x_wconf 77' lang='grc' dir='ltr'><strong><em>ἁπάντων,</em></strong></span> <span class='ocrx_word' id='word_1_161' title='bbox 818 2556 1262 2644; x_wconf 85' lang='grc' dir='ltr'><strong><em>ἐπιλέλησμαι</em></strong></span> <span class='ocrx_word' id='word_1_162' title='bbox 1290 2556 1365 2623; x_wconf 93' lang='grc' dir='ltr'><strong><em>τό</em></strong></span> <span class='ocrx_word' id='word_1_163' title='bbox 1412 2581 1486 2641; x_wconf 87' lang='grc' dir='ltr'><strong><em>γε</em></strong></span> <span class='ocrx_word' id='word_1_164' title='bbox 1530 2561 1892 2675; x_wconf 81' lang='grc' dir='ltr'><strong><em>προοίμιον</em></strong></span> <span class='ocrx_word' id='word_1_165' title='bbox 1934 2557 2068 2620; x_wconf 89' lang='grc' dir='ltr'><strong><em>τῶν</em></strong></span> <span class='ocrx_word' id='word_1_166' title='bbox 2113 2552 2343 2638; x_wconf 85' lang='grc' dir='ltr'><strong><em>λόγων,</em></strong></span> 
     </span>
     <span class='ocr_line' id='line_1_23' title="bbox 205 2649 2344 2790; baseline 0.001 -70"><span class='ocrx_word' id='word_1_167' title='bbox 205 2653 236 2720; x_wconf 85' lang='grc' dir='ltr'>ὃ</span> <span class='ocrx_word' id='word_1_168' title='bbox 291 2657 926 2780; x_wconf 86' lang='grc' dir='ltr'><strong><em>παρεσκευασάμην,</em></strong></span> <span class='ocrx_word' id='word_1_169' title='bbox 986 2653 1078 2742; x_wconf 84' lang='grc' dir='ltr'><strong><em>ῶς</em></strong></span> <span class='ocrx_word' id='word_1_170' title='bbox 1136 2654 1707 2747; x_wconf 87' lang='grc' dir='ltr'><strong><em>ευπροσωποτάτη</em></strong></span> <span class='ocrx_word' id='word_1_171' title='bbox 1747 2680 1881 2790; x_wconf 63' lang='lat' dir='ltr'><strong><em>jum</em></strong></span> <span class='ocrx_word' id='word_1_172' title='bbox 1934 2651 1975 2742; x_wconf 80' lang='grc' dir='ltr'><strong><em>ἦ</em></strong></span> <span class='ocrx_word' id='word_1_173' title='bbox 2030 2649 2189 2740; x_wconf 78' lang='grc' dir='ltr'><strong><em>ἀρχὴ</em></strong></span> <span class='ocrx_word' id='word_1_174' title='bbox 2236 2662 2344 2741; x_wconf 91' lang='grc' dir='ltr'><strong><em>γέ-</em></strong></span> 
     </span>
     <span class='ocr_line' id='line_1_24' title="bbox 205 2753 905 2843; baseline 0.007 -22"><span class='ocrx_word' id='word_1_175' title='bbox 205 2782 380 2825; x_wconf 90' lang='grc' dir='ltr'><strong><em>νοιτο</em></strong></span> <span class='ocrx_word' id='word_1_176' title='bbox 430 2757 602 2843; x_wconf 84' lang='grc' dir='ltr'><strong><em>πρὸς</em></strong></span> <span class='ocrx_word' id='word_1_177' title='bbox 648 2753 905 2838; x_wconf 73' lang='grc' dir='ltr'><strong><em>αὐτούς.</em></strong></span> 
     </span>
    </p>

    <p class='ocr_par' dir='ltr' id='par_1_8' title="bbox 203 2848 2345 3153">
     <span class='ocr_line' id='line_1_25' title="bbox 369 2848 2344 2943; baseline 0.001 -18"><span class='ocrx_word' id='word_1_178' title='bbox 369 2864 580 2927; x_wconf 85' lang='grc' dir='ltr'><strong><em>ΕΡΜ.</em></strong></span> <span class='ocrx_word' id='word_1_179' title='bbox 662 2855 1164 2943; x_wconf 81' lang='grc' dir='ltr'><strong><em>Ἀπολώλεκας,</em></strong></span> <span class='ocrx_word' id='word_1_180' title='bbox 1226 2848 1281 2928; x_wconf 78' lang='grc' dir='ltr'><strong><em>ῶ</em></strong></span> <span class='ocrx_word' id='word_1_181' title='bbox 1333 2866 1496 2943; x_wconf 81' lang='grc' dir='ltr'><strong><em>Ζεῦ,</em></strong></span> <span class='ocrx_word' id='word_1_182' title='bbox 1558 2854 1858 2928; x_wconf 91' lang='grc' dir='ltr'><strong><em>άπαντα·</em></strong></span> <span class='ocrx_word' id='word_1_183' title='bbox 1920 2861 1985 2927; x_wconf 82' lang='grc' dir='ltr'><strong><em>οἱ</em></strong></span> <span class='ocrx_word' id='word_1_184' title='bbox 2044 2860 2116 2927; x_wconf 83' lang='grc' dir='ltr'><strong><em>δὲ</em></strong></span> <span class='ocrx_word' id='word_1_185' title='bbox 2171 2856 2344 2927; x_wconf 80' lang='grc' dir='ltr'><strong><em>ὕπο-</em></strong></span> 
     </span>
     <span class='ocr_line' id='line_1_26' title="bbox 203 2957 2345 3050; baseline 0.001 -24"><span class='ocrx_word' id='word_1_186' title='bbox 203 2962 520 3028; x_wconf 88' lang='grc' dir='ltr'><strong><em>πτεύουσι</em></strong></span> <span class='ocrx_word' id='word_1_187' title='bbox 562 2961 680 3050; x_wconf 84' lang='grc' dir='ltr'><strong><em>τὴν</em></strong></span> <span class='ocrx_word' id='word_1_188' title='bbox 728 2962 992 3049; x_wconf 88' lang='grc' dir='ltr'><strong><em>σιωπὴν</em></strong></span> <span class='ocrx_word' id='word_1_189' title='bbox 1035 2970 1150 3031; x_wconf 91' lang='grc' dir='ltr'><strong><em>καί</em></strong></span> <span class='ocrx_word' id='word_1_190' title='bbox 1191 2990 1258 3031; x_wconf 90' lang='grc' dir='ltr'><strong><em>τι</em></strong></span> <span class='ocrx_word' id='word_1_191' title='bbox 1301 2961 1642 3050; x_wconf 74' lang='grc' dir='ltr'><strong><em>ὑπέρμεγα</em></strong></span> <span class='ocrx_word' id='word_1_192' title='bbox 1684 2963 1883 3031; x_wconf 81' lang='grc' dir='ltr'><strong><em>κακὸν</em></strong></span> <span class='ocrx_word' id='word_1_193' title='bbox 1930 2957 2345 3029; x_wconf 74' lang='grc' dir='ltr'><strong><em>ἀκούσεσθαι</em></strong></span> 
     </span>
     <span class='ocr_line' id='line_1_27' title="bbox 205 3059 1608 3187; baseline 0.005 -60"><span class='ocrx_word' id='word_1_194' title='bbox 205 3064 686 3147; x_wconf 82' lang='grc' dir='ltr'><strong><em>προσδοκῶσιν,</em></strong></span> <span class='ocrx_word' id='word_1_195' title='bbox 734 3059 850 3153; x_wconf 77' lang='grc' dir='ltr'><strong><em>ἐφ’</em></strong></span> <span class='ocrx_word' id='word_1_196' title='bbox 901 3064 1036 3150; x_wconf 81' lang='grc' dir='ltr'><strong><em>οτῳ</em></strong></span> <span class='ocrx_word' id='word_1_197' title='bbox 1057 3065 1160 3187; x_wconf 72' lang='grc' dir='ltr'><strong><em>ςσύ</em></strong></span> <span class='ocrx_word' id='word_1_198' title='bbox 1209 3067 1608 3150; x_wconf 88' lang='grc' dir='ltr'><strong><em>διαμέλλεις.</em></strong></span> 
     </span>
    </p>

    <p class='ocr_par' dir='ltr' id='par_1_9' title="bbox 207 3164 2341 3359">
     <span class='ocr_line' id='line_1_28' title="bbox 365 3164 2341 3257; baseline 0.001 -27"><span class='ocrx_word' id='word_1_199' title='bbox 365 3171 618 3233; x_wconf 84' lang='grc' dir='ltr'><strong><em>ΖΕΥΣ.</em></strong></span> <span class='ocrx_word' id='word_1_200' title='bbox 709 3168 950 3234; x_wconf 87' lang='grc' dir='ltr'><strong><em>Βούλει</em></strong></span> <span class='ocrx_word' id='word_1_201' title='bbox 1009 3193 1153 3249; x_wconf 90' lang='grc' dir='ltr'><strong><em>ουν,</em></strong></span> <span class='ocrx_word' id='word_1_202' title='bbox 1212 3166 1265 3233; x_wconf 82' lang='grc' dir='ltr'><strong><em>ῶ</em></strong></span> <span class='ocrx_word' id='word_1_203' title='bbox 1306 3164 1539 3257; x_wconf 85' lang='grc' dir='ltr'><strong><em>Ἑρμῆ,</em></strong></span> <span class='ocrx_word' id='word_1_204' title='bbox 1596 3168 1673 3236; x_wconf 83' lang='grc' dir='ltr'><strong><em>τὸ</em></strong></span> <span class='ocrx_word' id='word_1_205' title='bbox 1726 3164 2076 3257; x_wconf 84' lang='grc' dir='ltr'><strong><em>Ὁμηρικὸν</em></strong></span> <span class='ocrx_word' id='word_1_206' title='bbox 2136 3166 2341 3235; x_wconf 88' lang='grc' dir='ltr'><strong><em>ἐκεῖνο</em></strong></span> 
     </span>
     <span class='ocr_line' id='line_1_29' title="bbox 207 3263 1710 3359; baseline 0.003 -27"><span class='ocrx_word' id='word_1_207' title='bbox 207 3275 560 3351; x_wconf 85' lang='grc' dir='ltr'><strong><em>προοίμιον</em></strong></span> <span class='ocrx_word' id='word_1_208' title='bbox 608 3263 1166 3359; x_wconf 73' lang='grc' dir='ltr'><strong><em>ἀναρραψῳδήσω</em></strong></span> <span class='ocrx_word' id='word_1_209' title='bbox 1213 3269 1388 3356; x_wconf 81' lang='grc' dir='ltr'><strong><em>πρὸς</em></strong></span> <span class='ocrx_word' id='word_1_210' title='bbox 1436 3268 1710 3354; x_wconf 83' lang='grc' dir='ltr'><strong><em>αὐτούς,·</em></strong></span> 
     </span>
    </p>

    <p class='ocr_par' dir='ltr' id='par_1_10' title="bbox 367 3371 1050 3456">
     <span class='ocr_line' id='line_1_30' title="bbox 367 3371 1050 3456; baseline 0.004 -20"><span class='ocrx_word' id='word_1_211' title='bbox 367 3376 578 3437; x_wconf 88' lang='grc' dir='ltr'><strong><em>ΕΡΜ.</em></strong></span> <span class='ocrx_word' id='word_1_212' title='bbox 677 3371 767 3438; x_wconf 89' lang='grc' dir='ltr'><strong><em>Τὸ</em></strong></span> <span class='ocrx_word' id='word_1_213' title='bbox 815 3385 1017 3439; x_wconf 90' lang='grc' dir='ltr'><strong><em>ποῖον</em></strong></span> <span class='ocrx_word' id='word_1_214' title='bbox 1028 3402 1050 3456; x_wconf 93' lang='grc'><strong><em>,·</em></strong></span> 
     </span>
    </p>

    <p class='ocr_par' dir='ltr' id='par_1_11' title="bbox 365 3469 2339 3558">
     <span class='ocr_line' id='line_1_31' title="bbox 365 3469 2339 3558; baseline 0.002 -22"><span class='ocrx_word' id='word_1_215' title='bbox 365 3477 612 3538; x_wconf 85' lang='grc' dir='ltr'><strong><em>ΖΕΥΣ.</em></strong></span> <span class='ocrx_word' id='word_1_216' title='bbox 661 3475 947 3540; x_wconf 87' lang='grc' dir='ltr'><strong><em>Κέκλυτε</em></strong></span> <span class='ocrx_word' id='word_1_217' title='bbox 973 3499 1096 3558; x_wconf 89' lang='grc' dir='ltr'><strong><em>μευ</em></strong></span> <span class='ocrx_word' id='word_1_218' title='bbox 1129 3469 1376 3553; x_wconf 86' lang='grc' dir='ltr'><strong><em>πάντες</em></strong></span> <span class='ocrx_word' id='word_1_219' title='bbox 1402 3500 1475 3541; x_wconf 91' lang='grc' dir='ltr'><strong><em>τε</em></strong></span> <span class='ocrx_word' id='word_1_220' title='bbox 1505 3477 1659 3541; x_wconf 84' lang='grc' dir='ltr'><strong><em>θεοὶ</em></strong></span> <span class='ocrx_word' id='word_1_221' title='bbox 1692 3477 1916 3540; x_wconf 82' lang='grc' dir='ltr'><strong><em>πᾶσαί</em></strong></span> <span class='ocrx_word' id='word_1_222' title='bbox 1942 3496 2015 3538; x_wconf 86' lang='grc' dir='ltr'><strong><em>τε</em></strong></span> <span class='ocrx_word' id='word_1_223' title='bbox 2042 3476 2339 3539; x_wconf 88' lang='grc' dir='ltr'><strong><em>θέαιναι.</em></strong></span> 
     </span>
    </p>

    <p class='ocr_par' dir='ltr' id='par_1_12' title="bbox 365 3570 2343 3665">
     <span class='ocr_line' id='line_1_32' title="bbox 365 3570 2343 3665; baseline 0.001 -26"><span class='ocrx_word' id='word_1_224' title='bbox 365 3579 574 3640; x_wconf 87' lang='grc' dir='ltr'><strong><em>ΕΡΜ.</em></strong></span> <span class='ocrx_word' id='word_1_225' title='bbox 635 3570 929 3661; x_wconf 72' lang='grc' dir='ltr'><strong><em>Ἄπαγε,</em></strong></span> <span class='ocrx_word' id='word_1_226' title='bbox 987 3577 1224 3654; x_wconf 77' lang='grc' dir='ltr'><strong><em>ἱκανῶς</em></strong></span> <span class='ocrx_word' id='word_1_227' title='bbox 1264 3580 1378 3644; x_wconf 89' lang='grc' dir='ltr'><strong><em>καὶ</em></strong></span> <span class='ocrx_word' id='word_1_228' title='bbox 1422 3576 1595 3661; x_wconf 83' lang='grc' dir='ltr'><strong><em>πρὸς</em></strong></span> <span class='ocrx_word' id='word_1_229' title='bbox 1637 3574 1813 3665; x_wconf 81' lang='grc' dir='ltr'><strong><em>ἡμᾶς</em></strong></span> <span class='ocrx_word' id='word_1_230' title='bbox 1854 3573 2343 3662; x_wconf 75' lang='grc' dir='ltr'><strong><em>πεπαρῴνηταί</em></strong></span> 
     </span>
    </p>

    <p class='ocr_par' dir='ltr' id='par_1_13' title="bbox 123 3674 2339 4073">
     <span class='ocr_line' id='line_1_33' title="bbox 123 3674 2339 3767; baseline 0.002 -29"><span class='ocrx_word' id='word_1_231' title='bbox 123 3678 307 3740; x_wconf 73' lang='grc' dir='ltr'><strong><em>658σοι</em></strong></span> <span class='ocrx_word' id='word_1_232' title='bbox 338 3679 423 3742; x_wconf 85' lang='grc' dir='ltr'><strong><em>τὰ</em></strong></span> <span class='ocrx_word' id='word_1_233' title='bbox 468 3680 728 3761; x_wconf 88' lang='grc' dir='ltr'><strong><em>πρῶτα.</em></strong></span> <span class='ocrx_word' id='word_1_234' title='bbox 817 3677 994 3764; x_wconf 87' lang='grc' dir='ltr'><strong><em>πλὴν</em></strong></span> <span class='ocrx_word' id='word_1_235' title='bbox 1038 3677 1098 3744; x_wconf 81' lang='grc' dir='ltr'><strong><em>εἰ</em></strong></span> <span class='ocrx_word' id='word_1_236' title='bbox 1143 3678 1351 3759; x_wconf 88' lang='grc' dir='ltr'><strong><em>δοκεῖ,</em></strong></span> <span class='ocrx_word' id='word_1_237' title='bbox 1347 3688 1352 3694; x_wconf 90' lang='grc'><strong>’</strong></span> <span class='ocrx_word' id='word_1_238' title='bbox 1398 3677 1471 3745; x_wconf 81' lang='grc' dir='ltr'><strong><em>τὸ</em></strong></span> <span class='ocrx_word' id='word_1_239' title='bbox 1518 3679 1638 3762; x_wconf 82' lang='grc' dir='ltr'><strong><em>μὲν</em></strong></span> <span class='ocrx_word' id='word_1_240' title='bbox 1685 3674 2003 3767; x_wconf 85' lang='grc' dir='ltr'><strong><em>φορτικὸν</em></strong></span> <span class='ocrx_word' id='word_1_241' title='bbox 2044 3679 2177 3742; x_wconf 91' lang='grc' dir='ltr'><strong><em>τῶν</em></strong></span> <span class='ocrx_word' id='word_1_242' title='bbox 2220 3681 2339 3760; x_wconf 87' lang='grc' dir='ltr'><strong><em>με’-</em></strong></span> 
     </span>
     <span class='ocr_line' id='line_1_34' title="bbox 206 3778 2339 3900; baseline 0.001 -59"><span class='ocrx_word' id='word_1_243' title='bbox 206 3798 368 3860; x_wconf 86' lang='grc' dir='ltr'><strong><em>τρων</em></strong></span> <span class='ocrx_word' id='word_1_244' title='bbox 435 3802 635 3866; x_wconf 89' lang='grc' dir='ltr'><strong><em>αφες,</em></strong></span> <span class='ocrx_word' id='word_1_245' title='bbox 705 3778 783 3845; x_wconf 82' lang='grc' dir='ltr'><strong><em>σύ</em></strong></span> <span class='ocrx_word' id='word_1_246' title='bbox 839 3780 924 3900; x_wconf 45' lang='grc' dir='ltr'><strong><em>(δὲ</em></strong></span> <span class='ocrx_word' id='word_1_247' title='bbox 989 3783 1122 3846; x_wconf 89' lang='grc' dir='ltr'><strong><em>τῶν</em></strong></span> <span class='ocrx_word' id='word_1_248' title='bbox 1178 3784 1663 3866; x_wconf 89' lang='grc' dir='ltr'><strong><em>Λημοσθένους</em></strong></span> <span class='ocrx_word' id='word_1_249' title='bbox 1728 3780 2144 3868; x_wconf 85' lang='grc' dir='ltr'><strong><em>δημηγοριῶν</em></strong></span> <span class='ocrx_word' id='word_1_250' title='bbox 2207 3782 2339 3844; x_wconf 88' lang='grc' dir='ltr'><strong><em>τῶν</em></strong></span> 
     </span>
     <span class='ocr_line' id='line_1_35' title="bbox 205 3875 2338 4010; baseline 0.003 -70"><span class='ocrx_word' id='word_1_251' title='bbox 205 3879 363 3945; x_wconf 84' lang='grc' dir='ltr'><strong><em>κατὰ</em></strong></span> <span class='ocrx_word' id='word_1_252' title='bbox 419 3883 774 3948; x_wconf 84' lang='grc' dir='ltr'><strong><em>Φιλίππου</em></strong></span> <span class='ocrx_word' id='word_1_253' title='bbox 832 3875 1064 4010; x_wconf 80' lang='grc' dir='ltr'><strong><em>η’ντινα</em></strong></span> <span class='ocrx_word' id='word_1_254' title='bbox 1120 3910 1202 3949; x_wconf 90' lang='grc' dir='ltr'><strong><em>αν</em></strong></span> <span class='ocrx_word' id='word_1_255' title='bbox 1261 3882 1530 3979; x_wconf 82' lang='grc' dir='ltr'><strong><em>ἐθέλῃς,</em></strong></span> <span class='ocrx_word' id='word_1_256' title='bbox 1592 3880 1841 3967; x_wconf 79' lang='grc' dir='ltr'><strong><em>ξύνειρε</em></strong></span> <span class='ocrx_word' id='word_1_257' title='bbox 1898 3875 2092 3967; x_wconf 77' lang='grc' dir='ltr'><strong><em>ὀλίγα</em></strong></span> <span class='ocrx_word' id='word_1_258' title='bbox 2149 3879 2338 3948; x_wconf 79' lang='grc' dir='ltr'><strong><em>ἐναλ-</em></strong></span> 
     </span>
     <span class='ocr_line' id='line_1_36' title="bbox 208 3975 1997 4073; baseline 0.005 -32"><span class='ocrx_word' id='word_1_259' title='bbox 208 3978 486 4047; x_wconf 85' lang='grc' dir='ltr'><strong><em>λάττων·</em></strong></span> <span class='ocrx_word' id='word_1_260' title='bbox 535 3975 708 4050; x_wconf 91' lang='grc' dir='ltr'><strong><em>ούτω</em></strong></span> <span class='ocrx_word' id='word_1_261' title='bbox 751 3987 908 4069; x_wconf 80' lang='grc' dir='ltr'><strong><em>γοῦν</em></strong></span> <span class='ocrx_word' id='word_1_262' title='bbox 953 3985 1021 4051; x_wconf 79' lang='grc' dir='ltr'><strong><em>οἱ</em></strong></span> <span class='ocrx_word' id='word_1_263' title='bbox 1065 3986 1306 4051; x_wconf 82' lang='grc' dir='ltr'><strong><em>πολλοὶ</em></strong></span> <span class='ocrx_word' id='word_1_264' title='bbox 1353 3987 1466 4051; x_wconf 82' lang='grc' dir='ltr'><strong><em>νῦν</em></strong></span> <span class='ocrx_word' id='word_1_265' title='bbox 1511 3983 1997 4073; x_wconf 82' lang='grc' dir='ltr'><strong><em>ῥητορεύουσιν.</em></strong></span> 
     </span>
    </p>
   </div>
  </div>
 </body>
</html>
