2750 4534
453 230 535 288 30
1339 233 1428 284 ΛΟ
1434 231 1710 284 ΥΚΙΑΝΟΥ

620 404 855 468 HOA.
951 394 1122 467 Οὗδὲ
1173 397 1467 484 τοῖνομα
1524 398 1788 466 ἐπύθου
1848 399 1927 466 σύ
1984 424 2057 484 γε
2100 392 2140 465 ό
2183 425 2250 465 τι
2294 399 2599 478 καλοῖτο,

618 509 840 570 AYK.
918 497 1276 587 Οὐδαμῶς,
1336 493 1377 591 ἢ
1431 507 1629 570 τοῦτο
1670 503 1911 586 μόνον,
1959 505 2073 588 τῆς
2040 495 2362 580 ςἸωνίας
2420 501 2598 568 ἐστί·

447 608 579 671 τῶν
603 609 871 672 θεατῶν
900 605 1024 693 γάρ
1054 629 1157 684 τις
1189 599 1521 672 ἆπιδῶν’
1493 629 1559 684 ες
1590 603 1705 671 τὸν
1734 605 2042 692 πλησίον,
2076 602 2225 670 ἐπεὶ
2256 605 2595 693 παρῆλθε,

456 711 750 774 Τοιαῦτα
791 712 1054 792 μέντοι,
1100 707 1257 797 ἐφη,
1314 706 1399 774 τὰ
1444 705 1823 794 Σμυρναϊκὰ
1876 706 2116 794 κάλλη·
2167 709 2279 773 καὶ
2324 711 2597 790 θαυμα-

447 809 604 876 στὸν
650 803 860 891 οὐδέν,
907 809 968 876 εἰ
1010 805 1048 896 ἡ
1095 811 1413 897 καλλίστη
1459 813 1591 876 τῶν
1627 803 1921 876 Ἰωνικῶν
1966 808 2231 876 πόλεων
2274 806 2395 896 τὴν
2438 810 2597 874 καλ-

445 913 675 998 λίστην
728 924 1002 996 γυναῖκα
1058 907 1340 998 ἤνεγκεν.
1434 911 1651 978 ἐδόκει
1697 911 1771 977 δέ
1811 935 1931 995 μοι
1973 913 2086 977 καὶ
2132 903 2331 988 αὐτὸς
2374 916 2595 994 Σμυρ-

445 1027 631 1092 ναῖος
679 1010 850 1081 εἶναι
893 1011 929 1081 0‘
977 1016 1201 1099 λέγων,
1249 1007 1461 1092 οὕτως
1504 1013 1889 1098 ἐσεμνύνετο
1936 1006 2038 1078 ἐπ’
2094 1006 2281 1100 αὐτῇ.

373 1134 411 1188 3
612 1122 670 1184 3.
716 1119 950 1183 HOA.
1005 1110 1317 1184 Οὗκοῦν’
1289 1120 1441 1183 επεὶ
1472 1118 1669 1195 λίθος
1713 1143 1807 1182 ων
1848 1113 2045 1182 τοῦτό
2090 1139 2165 1199 γε
2194 1111 2285 1192 ὥς
2316 1107 2591 1202 άληθῶς
2608 1127 2679 1177 461

441 1215 769 1304 ἐποίησας
812 1213 963 1284 ου’τε
1005 1216 1619 1316 παρακολουθήσας
1664 1213 1817 1285 ου’τε
1860 1217 1979 1284 τὸν
2007 1223 2379 1304 Σμυρναῖον
2426 1215 2591 1282 ἐκεῖ·

441 1342 552 1383 νον
611 1318 922 1402 ἐρόμενος
977 1313 1122 1408 η’τις
1176 1317 1287 1405 ἦν,
1347 1347 1467 1386 καν
1524 1318 1599 1387 τὸ
1651 1315 1827 1397 εἶδος
1872 1315 1962 1398 ὥς
2006 1314 2150 1386 οἶόν
2194 1343 2267 1384 τε
2310 1313 2590 1384 ὑπόδει-

440 1419 552 1498 ξον
593 1425 692 1508 τῶ
737 1421 942 1509 λόγῳ·
987 1422 1156 1506 τάχα
1198 1422 1323 1507 γὰρ
1371 1413 1452 1487 άν
1498 1447 1709 1500 ουτως
1751 1428 2175 1510 γνωρίσαιμι.

604 1530 828 1591 ΛΥΚ.
910 1520 1104 1613 Ὁρᾷς
1150 1520 1372 1609 ἡλίκον
1431 1528 1628 1590 τοῦτο
1669 1520 1959 1613 ᾐτησαςς
2015 1549 2091 1590 ου
2147 1521 2315 1588 κατὰ
2374 1521 2587 1607 λόγων

438 1624 747 1710 δύναμιν,
804 1629 914 1692 καὶ
969 1625 1263 1710 μάλιστά
1318 1651 1392 1710 γε
1446 1629 1579 1691 τῶν
1638 1624 1843 1710 ἐμῶν,
1902 1623 2270 1712 ἐμφανίσαι
2313 1629 2585 1710 θαυμα-

439 1733 591 1794 σίαν
637 1720 846 1806 οὕτως
889 1728 1134 1810 εἰκόνα,
1180 1727 1353 1815 πρὸς
1397 1727 1475 1816 ἣν
1518 1728 1715 1811 μόλις
1760 1717 1839 1795 ἒν
1885 1718 1926 1817 ἢ
1961 1721 2289 1816 Ἀπελλῆς
2330 1718 2375 1814 ἢ
2418 1733 2585 1795 Ζεῦ-

437 1829 536 1907 ξις
578 1819 619 1918 ἢ
664 1829 1059 1915 Παρράσιος
1105 1831 1321 1899 ἱκανοὶ
1365 1830 1633 1913 ἔδοξαν,
1682 1821 1747 1921 [ἢ
1792 1831 1858 1898 εἴ
1896 1856 1999 1910 τις
2048 1833 2328 1910 Φειδίας
2368 1822 2412 1921 ἢ
2449 1826 2585 1898 ’ἰλ-

433 1931 759 2020 καμένης],
805 1931 932 2019 ἐγώ
977 1934 1050 2000 δὲ
1095 1935 1511 2018 λυμανοῦμαι
1554 1933 1629 2000 τὸ
1679 1929 2051 2021 ἀρχέτυπον
2096 1929 2423 2024 ἀσθενείᾳ
2465 1938 2583 2024 τῆς

430 2038 674 2122 τέχνης.

599 2139 833 2203 HOA.
905 2129 1151 2221 ‘'Opawg,
1197 2123 1249 2202 ῶ
1289 2146 1562 2220 Λυκῖνε,
1608 2144 1779 2205 ποία
1822 2163 1927 2216 τις
1968 2123 2047 2224 ἦν
2091 2138 2211 2228 τὴν
2253 2134 2457 2223 ὅψινς
2502 2133 2576 2206 οὗ

426 2237 551 2325 γὰρ
583 2237 956 2328 ἐπισφαλὲς
991 2239 1067 2308 τὸ
1115 2239 1441 2329 τόλμημα,
1490 2241 1549 2308 εἰ
1578 2243 1759 2329 φίλῳ
1804 2235 1998 2326 άνδρὶ
2045 2241 2413 2320 ἐπιδείξαις
2458 2240 2575 2329 τὴν

429 2339 652 2407 εἰκόνα
694 2333 884 2420 ὅπως
929 2331 1009 2408 ἂν
1052 2345 1171 2428 τῆς
1212 2347 1517 2432 γραμμῆς
1562 2343 1695 2430 ἔχῃ.

593 2450 816 2510 ΛΥΚ.
910 2447 1048 2512 Καὶ
1103 2447 1232 2533 μὴν
1292 2439 1795 2534 ἀσφαλέστερον
1841 2439 2038 2524 αὐτὸς
2083 2445 2396 2533 ποιήσειν
2455 2472 2573 2529 μοι

425 2544 598 2612 δοκῶ
651 2549 784 2613 τῶν
842 2549 1156 2615 παλαιῶν
1198 2573 1387 2626 τινας
1432 2546 1697 2615 εκείνων
1740 2550 2052 2630 τεχνιτῶν
2098 2549 2571 2632 παρακαλέσας

423 2648 539 2717 επὶ
586 2647 662 2715 τὸ
712 2649 920 2736 ἔργον,
968 2645 1059 2728 ὥς
1103 2642 1571 2719 ἀναπλάσειάν
1613 2677 1733 2736 μοι
1775 2649 1901 2739 τὴν
1942 2664 2238 2735 γυναῖκα.

417 2852 759 2920 τοσούτων
804 2852 967 2920 ἐτῶν
1015 2847 1523 2939 ἆποθανόντεςς

587 2961 808 3020 ΛΥΚ.
893 2953 1181 3043 Ῥᾳδίως,
1227 2952 1439 3046 ἤνπερ
1484 2955 1563 3022 σὺ
1608 2954 1699 3046 μὴ
1746 2950 2026 3044 ὀκνήσῃς
2058 2949 2572 3039 ἆποκρίνασθαί

415 3062 485 3122 τί
523 3082 663 3140 μοι.

587 3162 821 3227 HOA.
902 3154 1150 3245 Ἐρώτα
1193 3161 1419 3245 μόνον.

346 3273 384 3326 4
586 3269 645 3327 4.
690 3269 913 3328 ΛΥΚ.
979 3255 1439 3349 Ἐπεδήμησάς
1468 3287 1655 3345 ποτε,
1703 3247 1756 3327 ῶ
1787 3261 2239 3349 Πολύστρατε,
2282 3263 2367 3349 τῇ
2398 3269 2564 3328 Κνι-
2584 3269 2657 3320 462

416 3363 580 3430 δίων
625 3365 824 3431 πόλει
839 3395 861 3448 ‚-

583 3470 818 3533 HOA.
907 3469 1041 3533 Καὶ
1086 3465 1288 3550 μάλα.

580 3575 803 3636 ΛΥΚ.
892 3561 1142 3634 Οὐκοῦν
1217 3571 1328 3635 καὶ
1405 3566 1523 3658 τὴν
1566 3563 1967 3658 Ἀφροδίτην
2044 3565 2215 3645 εἶδες
2287 3567 2563 3646 πάντως

412 3669 664 3752 αἰτῶνς

577 3776 813 3840 HOA.
884 3772 1062 3862 Νὴ
1017 3780 1174 3850 Δία,
1222 3777 1352 3840 τῶν
1384 3774 1837 3859 Πραξιτέλους
1868 3772 2262 3913 ποιημάτων
2290 3771 2366 3838 τὸ
2402 3772 2560 3839 κάλ-

408 3876 654 3940 λιστον.

576 3983 795 4044 ΛΥΚ.
863 3971 1065 4043 Αλλὰ
1122 3980 1231 4044 καὶ
1289 3976 1408 4044 τὸν
1466 3979 1687 4061 μῦθον
1742 3971 2061 4064 ἤκουσας,
2120 4001 2197 4042 ον
2255 3977 2555 4063 λέγουσιν
