2750 4534
1005 285 1168 338 ΖΕΥΣ
1201 284 1571 338 ΤΡΑΓΩιΔΟΣ.
2282 282 2363 342 99

387 456 593 519 ΕΡΜ.
684 454 1049 520 Μανθάνω
1096 447 1203 521 ότι
1248 454 1653 542 πλουτίνδην
1696 454 2011 535 κελεύεις,
2060 447 2228 520 ἀλλὰ
2273 453 2363 541 μὴ

199 550 598 676 ἀριστίνδην
652 555 956 635 καθίζειν
1013 559 1125 625 καὶ
1183 550 1322 623 ἀπὸ
1396 555 1805 645 τιμημάτων.
1895 548 2072 641 ἥκετ’
2140 554 2256 622 οὖν
2300 580 2366 633 ες

196 654 326 742 τὴν
390 657 754 741 προεδρίαν
807 654 996 741 ὖμεῑς
1040 659 1105 724 οἱ
1143 672 1396 743 χρυσοῖ.
1484 662 1544 725 8.
1591 656 1915 739 ἐοίκασιν,
1974 656 2027 724 ὦ
2072 659 2361 738 Ζεῦ,οἷ
2396 669 2433 723 8

193 762 606 845 βαρβαρικοὶ
673 760 1146 846 προεδρεύσειν
1219 760 1453 844 μόνοι·
1527 756 1617 838 ὥς
1682 758 1838 838 τούς
1910 784 1983 845 γε
2038 752 2365 847 (Έλληνας

197 857 373 948 ὁρᾷς
403 856 640 927 ὁποῖοί
672 860 824 943 εἰσι,
863 870 1203 949 χαρίεντες
1245 863 1370 946 μὲν
1400 866 1510 930 καὶ
1558 855 1999 947 εὐπρόσωποι
2042 865 2151 929 καὶ
2196 860 2361 928 κατὰ

195 968 438 1050 τέχνην
470 961 1045 1051 ἐσχηματισμένοι,
1093 966 1354 1032 λίθινοι
1399 955 1527 1031 δὲ
1498 991 1539 1050 η
1580 966 1817 1048 χαλκοῖ
1846 960 2101 1051 ὁμοίως
2144 956 2363 1030 άπαν-

195 1089 318 1143 τες
374 1056 418 1153 ἢ
477 1065 549 1132 οἵ
607 1091 680 1151 γε
737 1068 1301 1134 πολυτελέστατοι
1370 1065 1583 1134 αὐτῶν
1650 1066 2073 1155 ἐλεφάντινοι
2138 1060 2363 1152 ὀλίγον

195 1161 369 1234 όσον
429 1172 549 1234 τοῦ
607 1172 857 1256 χρυσοῦ
914 1165 1468 1253 ἀποστίλβοντες,
1537 1164 1631 1247 ῶς
1697 1169 2198 1254 ἐπικεχρῶσθαι
2251 1171 2364 1235 καὶ

197 1268 646 1358 ἐπηυγάσθαι
712 1270 950 1355 μόνον,
1024 1271 1108 1337 τὰ
1175 1272 1247 1338 δὲ
1320 1272 1509 1338 ἔνδον
1574 1267 1903 1349 ὑπόξυλοι
1973 1273 2085 1337 καὶ
2160 1264 2363 1352 οὗτοι,

195 1375 391 1456 μυῶν
445 1365 684 1457 ἀγέλας
730 1366 905 1450 ὅλας,
937 1372 1546 1457 ἐμπολιτευομένας
1591 1380 1980 1449 σκέποντες·
2039 1368 2079 1459 ἦ
2130 1372 2365 1449 Βενδῖς

199 1474 280 1539 δὲ
311 1469 506 1561 αὖτηὶ
554 1477 667 1540 καὶ
711 1470 1082 1559 ὃἌνουβις
1126 1474 1410 1542 ἐκεινοσὶ
1454 1477 1562 1541 καὶ
1609 1468 1777 1559 παρ’
1832 1467 2031 1540 αὐτὸν
2074 1469 2363 1551 δ’Ἀττις

195 1577 316 1641 καὶ
361 1570 396 1641 0‘
434 1580 724 1662 Μίθρης
767 1579 876 1643 καὶ
925 1572 959 1641 ὅ
996 1574 1154 1665 Μὴν
1200 1572 1553 1660 ὁλόχρυσοι
1595 1578 1704 1642 καὶ
1738 1580 1967 1658 βαρεῖς
2010 1576 2120 1640 καὶ
2151 1575 2361 1640 πολυ-

193 1683 478 1763 τίμητοι
522 1671 614 1753 ὥς
657 1670 954 1763 άληθῶς.

89 1791 178 1841 652
379 1783 440 1845 9.
485 1782 699 1845 ΠΟΣ.
789 1783 924 1846 Καὶ
983 1782 1210 1859 τοῦτο,
1267 1765 1320 1843 ῶ
1361 1774 1589 1864 Ἑρμῆ,
1650 1779 1940 1860 δίκαιον,
1997 1775 2114 1844 τὸν
2168 1802 2357 1843 κυνο-
2392 1786 2430 1841 9

197 1880 583 1965 πρόσωπον
641 1884 875 1947 τοῦτον
926 1880 1368 1966 προκαθίζειν
1426 1875 1588 1966 ἐμοῦ
1644 1888 1761 1948 τὸν
1807 1878 2197 1967 Αἰγύπτιον
2250 1882 2361 1946 καὶ

196 1985 418 2047 ταῦτα
463 1982 891 2059 Ποσειδῶνος
937 1976 1170 2065 ὅντοςς
2402 2070 2407 2075 ¹

379 2088 590 2150 EPM.
681 2090 839 2151 Ναί.
931 2078 1102 2150 ἀλλὰ
1147 2084 1221 2150 σὲ
1265 2089 1419 2167 μέν,
1474 2070 1527 2149 ὦ
1573 2082 1960 2169 ἐννοσίγαιε,
1998 2085 2279 2165 χαλκοῦν
2324 2078 2359 2149 ὅ

201 2180 590 2263 Λύσιππος
646 2189 757 2252 καὶ
814 2191 1070 2275 πένητα
1128 2186 1474 2272 ἐποίησεν,
1537 2178 1652 2252 οὐκ
1712 2184 1991 2267 ἐχόντων
2035 2185 2187 2251 τότε
2229 2188 2363 2250 τῶν

201 2291 600 2371 Κορινθίων
654 2287 928 2371 χρυσόν·
991 2282 1185 2365 οὗτος
1244 2288 1316 2353 δὲ
1372 2280 1559 2365 ὅλοις
1613 2286 1970 2371 μετάλλοις
2022 2286 2361 2353 πλουσιώ-

199 2388 397 2471 τερός
429 2388 628 2455 ἐστιν.
678 2385 1040 2473 ἀνέχεσθαι
1074 2376 1188 2456 οὖν
1229 2390 1350 2477 χρὴ
1390 2394 1867 2476 παρεωσμένον
1908 2390 2019 2454 καὶ
2063 2386 2150 2475 μὴ
2200 2385 2362 2474 ἀγα-

201 2504 499 2570 νακτεῖν,
562 2490 629 2556 ε’ί
669 2516 772 2568 τις
829 2493 978 2579 ῥῖνα
1020 2492 1418 2580 τηλικαύτην
1458 2494 1703 2577 χρυσῆν
1750 2491 1913 2573 ἔχων
1958 2495 2362 2577 προτετίμη-

198 2598 320 2658 ταί
365 2616 503 2658 σου.

387 2702 484 2762 10.
529 2697 750 2761 ΑΦΡ.
850 2690 1133 2777 Οὐκοῦν,
1192 2682 1245 2762 a}
1298 2695 1526 2784 Ἑρμῆ,
1584 2688 1751 2780 κᾶμὲ
1810 2693 2032 2777 λαβῶν
2090 2692 2157 2759 ἐν
2211 2706 2357 2770 τοῖς
2389 2704 2464 2758 10

200 2796 569 2881 προέδροις
612 2822 747 2863 που
792 2797 1062 2878 κάθιζε·
1104 2802 1315 2886 χρυσῆ
1359 2798 1481 2885 γάρ
1528 2797 1686 2881 εἰμι.

380 2903 594 2965 ΕΡΜ.
691 2892 826 2982 Οὗχ
871 2891 1000 2967 ὅσα
1043 2925 1146 2987 γε,
1203 2886 1256 2964 ῶ
1295 2894 1701 2987 Ἀφροδίτη,
1749 2894 1918 2982 κᾶμὲ
1964 2896 2155 2982 ἱρᾶν,
2203 2889 2353 2961 ἀλλ’

204 3000 268 3066 εἰ
311 2998 403 3085 μὴ
452 3000 631 3066 πάνυ
680 3003 896 3088 λημῶ,
957 3003 1158 3068 λίθου
1203 3004 1601 3068 τοῦλευκοῦ
1645 3002 2103 3087 Πεντέληθεν,
2151 2994 2360 3082 οἶμαι,

200 3104 787 3190 λιθοτομηθεῖσα,
849 3100 993 3170 εἶτα
1052 3103 1255 3181 δόξαν
1314 3104 1489 3171 οὕτω
1542 3103 1944 3189 Πραξιτέλει
1985 3096 2359 3189 Ἀφροδίτη

197 3207 520 3290 γενομένη
566 3204 873 3281 Κνιδίοις
915 3205 1328 3294 παρεδόθης.

96 3320 183 3370 653
375 3310 596 3373 ΑΦΡ.
644 3308 782 3373 Καὶ
827 3307 956 3393 μὴν
1003 3301 1403 3385 ἀξιόπιστόν
1450 3329 1560 3374 σοι
1600 3306 1907 3393 μάρτυρα
1937 3298 2360 3391 τὸνὍμηρον

200 3405 587 3492 παρέξομαι
648 3402 788 3475 ἄνω
837 3411 949 3475 καὶ
992 3408 1171 3474 κάτω
1217 3412 1352 3475 τῶν
1411 3408 1776 3494 ῥαψῳδιῶν
1830 3394 2074 3492 χρυσῆν
2116 3430 2199 3489 με
2242 3403 2361 3492 τὴν

190 3503 614 3596 Ἀφροδίτην
660 3505 833 3576 εἶναι
878 3510 1172 3595 λέγοντα.

379 3614 589 3675 ΕΡΜ.
680 3614 816 3677 Καὶ
870 3608 996 3697 γὰρ
1052 3609 1168 3678 τὸν
1215 3604 1533 3677 Ἀπόλλω
1592 3605 1627 3675 o‘
1690 3602 1888 3686 αὐτὸς
1944 3606 2359 3695 πολύχρυσον

201 3708 382 3779 εἶναι
435 3710 564 3799 ἔφη
609 3715 721 3779 καὶ
767 3712 1122 3779 πλούσιον·
1183 3707 1352 3778 ἀλλὰ
1402 3716 1514 3779 νῦν
1558 3707 1721 3795 ὄψει
1764 3704 2063 3777 κάκεῖνον
2109 3709 2177 3777 ἐν
2220 3725 2363 3789 τοῖς

203 3816 536 3900 ζευγίταις
588 3838 724 3879 που
767 3813 1178 3903 καθήμενον,
1239 3807 1887 3901 ἀπεστεφανωμένον
1930 3836 2004 3897 γε
2046 3807 2180 3880 ὗπό
2228 3817 2362 3882 τῶν

202 3918 466 4005 λῃστῶν
509 3918 623 3983 καὶ
667 3919 822 3994 τοῦς
864 3915 1204 3994 κόλλοπας
1248 3920 1366 4003 τῆς
1411 3915 1705 4001 κιθάρας
1735 3916 2361 4003 περισεσυλημένον·

201 4014 380 4086 ὥστε
425 4009 661 4103 ἆγάπα
694 4020 806 4085 καὶ
837 4017 917 4085 σύ
959 4015 1049 4105 μὴ
1082 4018 1262 4085 πάνυ
1311 4016 1380 4084 ἐν
1408 4020 1504 4104 τῷ
1533 4020 1793 4105 θητικῷ
1827 4015 2361 4105 ἐκκλησιάζουσα.

1986 4119 2058 4173 7*
