2750 4534
397 270 518 329 134
1281 274 1655 329 ΔΟΥΚΙΑΝΟΥ

387 446 642 526 χαίρεις
683 443 1114 526 καλούμενος,
1176 441 1266 523 ὥς
1309 444 1400 534 μὴ
1450 444 1966 529 ἐπιταράττοιμι
2018 441 2135 509 τὸν
2183 441 2377 528 λόγον
2422 438 2565 507 ἄλ-

394 545 545 609 λοτε
589 540 790 610 ἄλλον
834 547 1051 612 καλῶν
1099 600 1112 613 .
1147 601 1161 615 .
1199 600 1213 615 .
1245 599 1260 614 .

562 648 856 712 ΑΛΕΚ.
944 654 1214 716 Διοίσει
1268 650 1389 732 μὲν
1436 643 1627 716 οὐδὲν
1678 644 1755 734 ἤν
1800 645 1863 714 τ’
1916 643 2269 736 Εὔφορβον
2312 636 2352 733 ἢ
2398 651 2565 711 Πυ-

393 746 700 832 θαγόραν
754 742 898 835 ἧντ’
953 744 1338 818 Ἀσπασίαν
1398 753 1601 837 καλῇς
1644 740 1685 835 ἢ
1734 748 2077 836 Κράτητα·
2138 747 2363 813 πάντα
2414 747 2561 832 γὰρ

395 851 604 913 ταῦτα
650 848 777 934 ἐγώ
826 851 982 935 εἰμι.
1057 852 1232 939 πλὴν
1261 853 1338 920 τὸ
1374 857 1486 919 νῦν
1518 850 1855 936 ὁρώμενον
1898 854 2095 918 τοῦτο
2142 845 2565 935 ἀλεκτρυόνα

395 942 738 1033 ὀνομάζων
799 949 1066 1037 ἄμεινον
1129 946 1207 1021 ὂν
1265 969 1524 1036 ποιοῖς,
1587 951 1678 1032 ὥς
1735 952 1824 1041 μὴ
1886 946 2235 1036 ἀτιμάζοις
2291 946 2565 1029 εὐτελὲς

399 1048 572 1119 εἶναι
636 1054 867 1121 δοκοῦν
931 1056 1006 1123 τὸ
1065 1052 1326 1143 ὄρνεον,
1395 1060 1508 1124 καὶ
1562 1060 1772 1123 ταῦτα
1838 1055 2169 1132 τοσαύτας
2236 1054 2302 1120 ἐν
2362 1049 2563 1141 αὑτῷ

398 1152 619 1238 ψυχὰς
661 1154 827 1239 ἕχον.

296 1266 366 1321 21
569 1261 670 1325 21.
718 1264 920 1327 MJK.
1030 1254 1312 1342 Οὐκοῦν,
1384 1247 1437 1325 ὦ
1500 1260 1898 1341 α’λεκτρυών,
1969 1258 2203 1346 ἐπειδὴ
2272 1257 2562 1325 πάντων
2582 1272 2676 1323 734

400 1356 629 1438 σχεδὸν
675 1364 808 1426 τιῦν
851 1367 1018 1445 βίων
1064 1361 1440 1450 ἐπειράθης
1500 1366 1611 1430 καὶ
1657 1362 1881 1427 πάντα
1924 1346 2148 1450 ἦσθα,
2204 1363 2418 1444 λέγοις
2472 1351 2563 1427 ὃν

395 1453 520 1548 ἤδη
567 1466 804 1550 σαφῶς
850 1463 994 1553 ἰδίᾳ
1021 1465 1143 1548 μὲν
1186 1463 1270 1531 τὰ
1301 1470 1435 1531 τῶν
1466 1468 1812 1532 πλουσίων
1855 1457 2045 1543 ὅπως
2072 1468 2354 1548 βιοῦσιν,
2402 1463 2563 1552 ἰδίᾳ

400 1561 471 1627 δὲ
500 1563 585 1628 τὰ
631 1567 952 1649 πτωχικά,
1000 1564 1088 1645 ὡς
1117 1567 1326 1651 μάθω
1373 1568 1433 1634 εἰ
1466 1561 1689 1655 ἆληθῆ
1734 1570 1945 1633 ταῦτα
1990 1565 2122 1654 φὴς
2159 1561 2563 1649 εὐδαιμονέ-

400 1685 630 1750 στερον
677 1661 1082 1755 ἀποφαίνων
1126 1695 1210 1753 με
1253 1674 1383 1735 τῶν
1429 1672 1790 1737 πλουσίων.

567 1770 860 1839 ΑΛΕΚ.
942 1766 1110 1839 Ἰδοὺ
1159 1769 1236 1858 δὴ
1287 1770 1498 1851 οὕτως
1544 1770 1939 1856 ἐπίσκεψαι,
1988 1756 2039 1835 ὦ
2089 1769 2377 1836 Μικύλε·
2436 1772 2557 1836 σοὶ

398 1868 520 1951 μὲν
566 1866 716 1937 οὕτε
759 1875 1057 1957 πολέμου
1103 1871 1313 1952 πολύς
1360 1875 1584 1961 λόγος,
1641 1864 1719 1961 ἢν
1767 1876 2036 1961 λέγηται
2094 1871 2183 1950 ὥς
2230 1872 2294 1937 οἱ
2340 1873 2555 1937 πολέ-

398 1995 546 2051 μιοι
597 1974 1195 2057 προσελαύνουσιν,
1257 1974 1410 2043 οὐδὲ
1457 1975 1831 2064 φροντίζεις
1886 1974 1976 2058 μὴ
2020 1975 2137 2042 τὸν
2180 1967 2383 2059 άγρὸν
2438 1977 2555 2038 τέ-

399 2095 617 2155 μωσιν
663 2073 1063 2160 ἐμβαλόντες
1105 2067 1289 2163 ἢτὸν
1319 2078 1733 2161 παράδεισον
1782 2075 2303 2162 ξυμπατήσωσιν
2346 2065 2388 2164 ἢ
2426 2074 2554 2151 τὰς

403 2167 744 2275 ἀμπέλους
790 2177 1165 2265 δῃώσωσιν,
1215 2174 1385 2245 ἀλλὰ
1430 2183 1547 2269 τῆς
1592 2179 1959 2265 σάλπιγγος
2004 2172 2260 2244 ἀκούων
2318 2178 2552 2259 μόνον,

402 2277 593 2362 ε’ίπερ
642 2276 799 2363 ἄρα,
858 2283 1293 2365 περιβλέπεις
1351 2282 1427 2348 τὸ
1473 2281 1639 2348 κατὰ
1690 2280 1970 2347 σεαυτὸν
2016 2280 2086 2348 οἶ
2123 2278 2555 2364 τραπόμενον

395 2377 517 2465 χρὴ
576 2385 886 2467 σωθῆναι
943 2386 1050 2449 καὶ
1109 2382 1226 2450 τὸν
1286 2384 1588 2450 κίνδυνον
1649 2383 2032 2471 διαφυγεῖν·
2100 2383 2165 2448 οἱ
2225 2376 2287 2447 δ’
2353 2375 2554 2447 εὗλα-

398 2486 674 2566 βοῦνται
715 2485 838 2568 μὲν
881 2490 991 2553 καὶ
1037 2479 1211 2574 ἄμφ’
1265 2485 1545 2567 ἑαυτοῖς,
1594 2480 1912 2552 ἀνιῶνται
1958 2486 2029 2551 δὲ
2078 2481 2359 2569 ὁρῶντες
2406 2478 2551 2551 ἀπὸ

400 2589 535 2652 τῶν
591 2592 857 2669 τειχέων
925 2583 1210 2676 ἀγόμενα
1273 2592 1384 2654 καὶ
1446 2588 1781 2675 φερόμενα
1850 2580 1979 2653 ὅσα
2037 2584 2213 2670 εἶχον
2282 2586 2348 2652 ἐν
2404 2601 2555 2664 τοῖς

405 2681 647 2774 ἆγροῖς.
722 2694 830 2757 καὶ
866 2686 948 2778 ἤν
978 2716 1107 2775 περ
1155 2690 1461 2780 ἐσφέρειν
1508 2692 1642 2779 δέῃ,
1689 2691 1887 2774 μόνοι
1932 2692 2307 2775 καλοῦνται,
2352 2683 2431 2777 ἤν
2478 2714 2555 2754 τε

403 2789 769 2873 ἐπεξιέναι,
828 2794 1417 2876 προκινδυνεύουσι
1477 2797 1992 2881 στρατηγοῦντες
2046 2782 2087 2879 ἢ
2134 2794 2556 2878 ἱππαρχοῦν-

403 2912 542 2969 τες·
599 2892 680 2959 σύ
728 2894 799 2960 δὲ
858 2894 1155 2983 οἰσυΐνην
1216 2890 1479 2963 ἆσπίδα
1524 2896 1717 2979 ἔχων,
1774 2889 2094 2983 εὐσταλὴς
2144 2896 2252 2959 καὶ
2298 2896 2554 2981 κοῦφος
2574 2908 2664 2957 735

405 2992 470 3071 ἐς
529 3003 892 3083 σωτηρίαν,
963 2997 1228 3082 ἕτοιμος
1295 2998 1662 3073 ἑστιᾶσθαι
1729 2998 1811 3063 τὰ
1875 2998 2203 3073 ἐπινίκια,
2271 2993 2557 3062 ἐπειδὰν

301 3116 376 3171 22
407 3092 543 3185 θύῃ
611 3093 646 3164 ὅ
708 3098 1072 3188 στρατηγὸς
1139 3101 1507 3188 νενικηκώς.
1609 3106 1710 3168 22.
1781 3100 1852 3168 ἐν
1908 3099 2129 3186 εἰρήνῃ
2197 3123 2268 3164 τε
2329 3084 2411 3163 αὖ
2472 3097 2555 3164 σὺ

404 3199 526 3281 μὲν
581 3203 700 3266 τοῦ
757 3200 966 3289 δήμου
1025 3192 1116 3269 ὧν
1173 3196 1428 3287 ἀναβὰς
1474 3202 1569 3280 εἰς
1622 3202 1965 3290 ἐκκλησίαν
2022 3212 2362 3285 τυραννεῖς
2418 3203 2556 3266 τῶν

406 3303 767 3384 πλουσίων,
816 3304 880 3369 οἷ
929 3304 1000 3370 δὲ
1046 3310 1401 3391 φρίττουσι
1451 3308 1560 3371 καὶ
1606 3299 2124 3387 ὑποπτήσσουσι
2164 3304 2275 3368 καὶ
2324 3302 2554 3367 διανο-

404 3418 562 3487 μαῖς
610 3405 997 3473 ἱλάσκονταί
1028 3430 1119 3475 σε.
1197 3405 1439 3491 λουτρὰ
1483 3406 1603 3490 μὲν
1633 3405 1757 3491 γὰρ
1794 3401 1884 3483 ὥς
1916 3403 2090 3487 ἔχοις
2133 3406 2244 3470 καὶ
2293 3397 2556 3489 ἆγῶνας

404 3509 516 3573 καὶ
561 3508 876 3591 θεάματα
919 3512 1029 3576 καὶ
1074 3495 1285 3575 τᾶλλα
1331 3510 1564 3595 διαρκῆ
1613 3501 1911 3588 ἅπαντα,
1961 3506 2198 3573 ἐκεῖνοι
2242 3509 2555 3581 πονοῦσι,

409 3609 488 3674 σύ
536 3609 607 3676 δὲ
654 3609 1000 3696 ἐξεταστὴς
1057 3614 1163 3679 καὶ
1213 3609 1616 3698 δοκιμαστὴς
1661 3610 1900 3694 πικρὸς
1943 3608 2176 3694 ὥσπερ
2222 3602 2557 3697 δεσπότης

406 3706 560 3780 οὐδὲ
606 3712 798 3799 λόγου
855 3712 1252 3796 μεταδιδοὺς
1305 3713 1548 3794 ἐνίοτε,
1606 3708 1729 3779 κᾶν
1785 3734 1894 3779 σοι
1949 3712 2136 3798 δοκῇ,
2192 3709 2555 3792 κατεχαλά-

407 3816 608 3903 ζησας
655 3810 870 3882 αὐτῶν
916 3810 1267 3904 ἀφθόνους
1322 3815 1477 3895 τοὺς
1524 3818 1762 3893 λίθους
1804 3809 1845 3904 ἢ
1887 3813 2009 3892 τὰς
2055 3806 2289 3891 οὐσίας
2336 3810 2557 3879 αὐτῶν

406 3916 803 4005 ἐδήμευσας·
863 3914 1015 3985 οὔτε
1071 3919 1143 3986 δὲ
1204 3919 1623 4008 συκοφάντην
1683 3917 1907 3994 δέδιας
1965 3909 2166 3993 αὐτὸς
2225 3909 2377 3980 οὔτε
2438 3914 2556 4001 λῃ-

407 4022 571 4111 στὴν
612 4023 703 4114 μὴ
735 4019 1064 4112 ὑφέληται
1107 4020 1185 4087 τὸ
1215 4026 1488 4106 χρυσίον
1532 4016 1831 4104 ὑπερβὰς
1873 4016 1949 4085 τὸ
1983 4022 2289 4102 θριγκίον
2336 4005 2379 4105 ἢ
2413 4015 2558 4083 διο-
