2750 4534
1063 249 1332 304 ΕΡΩΤΕΣ.
2194 247 2275 305 25

62 431 132 481 451
149 414 522 487 ἀπωθεῖται
582 420 655 486 δὲ
709 417 831 497 τὰς
875 417 1241 496 ἐπιστολὰς
1277 411 1593 505 Ὀρέστης
1648 414 1739 495 ὥς
1789 418 2101 485 Πυλάδου
2160 419 2279 484 λα-

146 527 275 606 βεῖν
331 516 729 605 άξιωτέρου,
789 520 996 605 μόνον
1055 514 1174 587 οὐκ
1232 519 1514 607 ἐραστὴς
1572 513 1719 586 ἄντ’
1784 518 2115 605 ἐρωμένου
2170 544 2278 606 γε·

147 623 436 707 νόμενος·

385 725 462 792 τὸ
509 724 635 812 γὰρ
683 728 1023 812 σφαγῆναι
1065 717 1252 790 τόνδ’
1307 723 1457 806 ἐμοὶ
1500 723 1709 810 βάρος
1751 724 1951 810 μέγα·

386 825 421 893 5
473 829 853 894 ναυστολῶν
897 827 1024 912 γάρ
1071 825 1210 911 εἰμ’
1261 825 1387 912 ἐγὼ
1432 825 1555 904 τὰς
1602 826 1973 913 συμφοράς.

145 932 242 996 καὶ
286 923 436 1014 μετ’
491 923 720 1016 ὀλίγον
765 936 968 1016 φησί·

901 1031 1076 1118 τιῦδε
1117 1032 1239 1117 μὲν
1285 1032 1518 1098 δέλτον
1565 1031 1785 1098 δίδου·

386 1139 648 1219 πέμψω
692 1133 817 1220 γὰρ
847 1129 1113 1220 Ἄργος,
1161 1127 1340 1200 ω’στε
1386 1158 1497 1200 σοι
1538 1136 1755 1211 καλῶς
1802 1134 2003 1217 ἔχειν·

384 1232 567 1325 ἡμᾶς
611 1229 674 1302 δ’
726 1232 761 1303 5
807 1235 1064 1323 χρῄζων
1106 1241 1436 1302 κτεινέτω.

147 1343 239 1404 48.
281 1341 392 1406 καὶ
436 1337 564 1424 γὰρ
597 1331 823 1417 οὑτως
877 1339 1010 1422 ε’χει
1065 1337 1140 1405 τὸ
1191 1342 1359 1405 πᾶν·
1417 1364 1581 1405 οταν
1636 1337 1763 1425 γὰρ
1822 1337 1891 1404 ἐκ
1935 1339 2202 1404 παίδων
2246 1333 2281 1404 5
2312 1345 2389 1404 48

151 1442 507 1519 σπουδαῖος
559 1441 725 1526 ε’ρως
768 1440 1120 1529 ἐντραφεὶς
1162 1439 1276 1507 ἐπὶ
1324 1440 1445 1525 τὴν
1487 1436 1611 1528 ἤδη
1654 1439 2046 1527 λογίζεσθαι
2090 1441 2287 1506 δυνα-

147 1548 333 1632 μένην
389 1539 659 1628 ἡλικίαν
717 1536 1070 1632 ἆνδρωθῇ,
1126 1541 1202 1610 τὸ
1255 1543 1479 1609 πάλαι
1535 1543 1828 1630 φιληθὲν
1888 1535 2289 1626 ἆμοιβαίους

149 1645 386 1727 ἔρωτας
444 1640 983 1726 ἀνταποδίδωσι,
1039 1647 1152 1712 καὶ
1198 1645 1503 1728 δυσχερὲς
1562 1645 1943 1712 αἰσθέσθαι
2000 1649 2288 1727 ποτέρου

151 1747 423 1832 πότερος
471 1747 753 1837 ἐραστής
797 1747 996 1828 ἐστιν,
1045 1745 1273 1830 ὥσπερ
1307 1743 1434 1815 ἀπ’
1474 1747 1838 1832 εἰσόπτρου
1868 1751 1989 1832 τῆς
2019 1749 2140 1814 τοῦ
2171 1772 2289 1835 φι-

152 1849 460 1934 λήσαντος
507 1844 770 1928 εὐνοίας
825 1848 942 1917 ἐπὶ
988 1849 1104 1917 τὸν
1150 1850 1480 1935 ἐρώμενον
1535 1847 1775 1934 ὁμοίου
1818 1849 2148 1927 πεσόντος
2194 1849 2290 1915 εἰ-

153 1953 373 2019 δώλου.
445 1959 517 2018 τί
547 1952 626 2042 δὴ
660 1939 776 2019 οὖν
820 1956 940 2019 τοῦ
968 1947 1134 2019 καθ’
1185 1950 1362 2040 ἡμᾶς
1389 1958 1543 2036 βίου
1592 1953 1777 2040 ξένην
1824 1948 1986 2018 αὐτὸ
2033 1951 2291 2040 τρυφὴν

151 2047 484 2135 ὀνειδίζεις
540 2059 768 2132 θείοις
823 2055 1054 2136 νόμοις
1117 2051 1399 2139 ὁρισθὲν
1458 2054 1527 2121 ἐκ
1573 2055 1885 2142 διαδοχῆς
1942 2049 2053 2142 ἐφ’
2117 2051 2293 2142 ἡμᾶς

152 2152 622 2243 καταβεβηκός,·
689 2152 993 2241 ἀσμένως
1059 2158 1132 2224 δὲ
1202 2152 1362 2224 αὐτὸ
1435 2157 1787 2241 δεξάμενοι
1852 2153 2018 2241 μεθ’
2092 2155 2291 2247 ἁγνῆς

156 2260 444 2338 διανοίας
490 2263 970 2343 νεωκοροῦμεν·
1029 2255 1258 2343 ὄλβιος
1313 2260 1438 2345 γὰρ
1486 2257 1576 2338 ὥς
1623 2256 1901 2349 άληθῶς
1958 2260 2127 2326 κατὰ
2171 2261 2291 2351 τὴν

156 2365 274 2426 τῶν
317 2366 552 2449 σοφῶν
597 2359 974 2449 ἀπόφασιν,

331 2519 336 2524 .
447 2458 504 2551 ᾦ
551 2464 794 2541 παῖδές
836 2489 911 2530 τε
954 2468 1097 2531 νέοι
1138 2467 1253 2530 καὶ
1296 2459 1591 2547 μώνυχες
1631 2465 1863 2543 ἵπποι,

395 2567 714 2655 γηράσκει
759 2559 823 2630 δ’
875 2561 912 2632 5
958 2570 1167 2650 γέρων
1210 2580 1423 2644 κεῖνος
1469 2566 1914 2655 ἐλαφρότατα,

396 2671 626 2751 κοῦροι
669 2666 786 2734 τὸν
833 2667 1200 2755 φιλέουσιν.
1987 2662 1991 2666 ’

165 2769 230 2836 αἵ
265 2795 338 2855 γε
364 2769 497 2856 μὴν
527 2771 943 2854 Σωκρατικαὶ
990 2768 1420 2835 διδασκαλίαι
1463 2771 1575 2835 καὶ
1618 2768 1694 2835 τὸ
1731 2768 2041 2853 λαμπρὸν
2086 2768 2293 2837 ἐκεῖνο

79 2885 148 2934 ⁴52
161 2877 266 2958 τῆς
298 2868 536 2958 ἀρετῆς
571 2871 995 2959 δικαστήριον
1037 2883 1182 2949 τοῖς
1209 2873 1577 2959 Δελφικοῖς
1620 2877 1937 2958 τρίποσιν
1972 2871 2293 2962 ἐτιμήθη·

158 2975 438 3062 χρησμὸν
481 2973 608 3061 γὰρ
655 2969 986 3061 ἀληθείας
1030 2971 1066 3041 5
1112 2973 1391 3052 Πύθιος
1434 2972 1822 3055 ἐθέσπισεν,

402 3072 665 3160 ἀνδρῶν
712 3073 1031 3143 ἁπάντων
1075 3075 1430 3163 Σωκράτης
1474 3077 1889 3165 σοφώτατος,

162 3177 228 3256 ὃς
269 3171 410 3263 ἷίμα
466 3191 612 3257 τοῖς
657 3173 887 3256 ἄλλοις
941 3178 1374 3265 μαθήμασιν,
1435 3176 1508 3257 ἐξ
1549 3173 1639 3245 ὦν
1695 3179 1812 3246 τὸν
1869 3185 2019 3264 βίον
2063 3174 2297 3267 ὤνησε,

163 3285 263 3346 καὶ
326 3281 401 3349 τὸ
461 3281 940 3366 παιδεραστεῖν
1006 3277 1100 3359 ὥς
1156 3281 1454 3363 μάλιστα
1522 3276 1828 3368 ὠφελοῦν
1892 3280 2297 3368 προσήκατο.

167 3389 260 3450 49.
303 3386 406 3451 δεῖ
457 3384 529 3450 δὲ
572 3386 707 3450 τῶν
763 3388 928 3450 νέων
973 3382 1128 3468 ἐρᾶν
1185 3379 1276 3462 ὥς
1313 3378 1738 3468 Ἀλκιβιάδου
1785 3383 2166 3470 Σωκράτης,
2222 3381 2297 3460 ὃς
2325 3386 2401 3443 49

167 3481 288 3552 ὑπὸ
342 3491 469 3575 μιᾷ
519 3486 786 3570 χλανίδι
841 3484 1101 3568 πατρὸς
1163 3478 1415 3564 ὕπνους
1470 3486 1822 3575 ἐκοιμήθη.
1932 3488 2043 3550 καὶ
2101 3485 2301 3570 ἔγωγε

168 3585 234 3652 τὸ
277 3587 770 3673 Καλλιμάχειον
815 3586 930 3654 ἐπὶ
974 3588 1152 3654 τέλει
1204 3590 1335 3652 τῶν
1383 3586 1594 3672 λόγων
1637 3579 1879 3672 ἣδιστα
1924 3590 2302 3672 προσθείην

171 3714 243 3752 αν
285 3683 504 3756 άπασι
545 3689 871 3809 κήρυγμα·

245 3792 439 3859 Α’ίθε
479 3791 637 3878 γάρ,
682 3818 736 3857 ω
781 3790 1120 3876 κούροισιν
1164 3784 1277 3856 ἐπ’
1331 3785 1601 3874 όμματα
1647 3790 1835 3872 λίχνα
1880 3795 2215 3878 φέροντες,

311 3889 568 3978 Ἔρχιος
609 3888 700 3972 ὥς
741 3889 896 3976 ὑμῖν
941 3885 1146 3978 ιόρισε
1189 3893 1646 3974 παιδοφιλεῖν,

250 3989 376 4061 ὦδε
421 4001 583 4062 νέων
629 3995 908 4080 ἐράοιτε,
956 3994 1158 4062 πόλιν
1201 3993 1266 4060 κ’
1304 3989 1685 4079 ευανδρον’
1664 3993 1895 4076 ε’χοιτε.
