2750 4534
404 258 532 317 214

402 953 585 1007 c.17.

403 1580 453 1622 o.
490 1565 584 1623 18.

397 2396 450 2439 ο.
484 2383 577 2439 19.

394 3527 442 3569 ο.
472 3511 571 3568 20.

1357 261 1612 317 LUGIANI

616 430 1010 515 α’ντεργάτην
1056 430 1124 494 Ω
1172 468 1246 479 --
1297 434 1381 501 οὐ
1423 434 1442 517 ΙΙ
1487 434 1630 516 οὐχὶ
1675 432 1744 497 Ω
1780 471 1870 493 .-
1912 433 2124 511 μόνον
2166 463 2218 503 τ.
2270 446 2404 515 φιλ.
2461 437 2588 502 αὖ·

613 535 731 601 τὸν
836 534 1047 613 μόνον
1105 534 1307 603 αὐτὸν
1373 563 1426 603 τ.
1477 562 1542 617 φ.
1591 533 1644 597 Γ
1688 573 1772 584 —-
1815 540 1936 619 εἶχε
1977 536 1998 621 ΙΙ
2041 540 2206 619 εἶχεν
2250 535 2302 599 Γ
2357 577 2448 586 -
2489 536 2586 623 ἦν

612 634 633 720 Ι
674 658 788 700 om.
850 634 919 697 Ω
978 672 1051 683 --
1116 635 1260 720 ἄρτι
1300 635 1321 721 Ι
1364 634 1557 717 αὖθις
1609 635 1710 702 ΓΒ
1762 674 1846 685 --
1901 638 2262 722 γραμμάτια
2304 639 2326 724 fl
2367 652 2582 723 γραμ-

614 756 839 817 ματεῖα
908 735 1009 800 ΓΒ
1086 776 1165 785 -
1242 739 1866 823 ἐπικαλαμησόμενοι
1926 739 1947 826 Ι
2011 742 2582 825 ἑπιπαλαμησόμε-

612 868 718 908 ‘vot
763 838 885 904 ΑΩ
933 878 1013 887 -

617 943 879 1010 αὔλειον
922 940 940 1027 ΙΙ
986 942 1218 1010 αὔλιον
1273 943 1377 1009 ΓΒ
1443 982 1526 993 —-
1581 944 1944 1012 ἀποκλείειν
1999 942 2020 1029 fl
2075 945 2458 1013 ἀποκλίνειν
2519 944 2578 1007 Γ

616 1043 969 1112 ἅποκλύειν
1013 1043 1082 1107 Ω
1126 1083 1210 1093 -
1253 1044 1656 1129 Δημώνακτα
1698 1045 1718 1131 ΙΙ
1761 1044 2176 1125 Δειμώνακτα
2221 1045 2292 1110 Ω
2344 1084 2430 1095 -
2478 1056 2576 1127 εἰς

610 1146 631 1232 Ι
674 1152 735 1226 ἐς
792 1145 861 1210 Ω
918 1183 1002 1193 -
1060 1148 1468 1231 ὑπεξέρχεται
1522 1149 1542 1232 ΙΙ
1594 1147 1929 1231 ὑπέρχεται
1987 1146 2164 1212 ΑΩΓ
2207 1186 2292 1196 -—
2357 1158 2575 1234 εἰργα-

612 1257 843 1329 σμένος
884 1249 903 1332 ΙΙ
944 1249 1375 1334 ἐργασάμενος
1410 1249 1454 1312 Γ
1487 1288 1568 1299 --
1612 1250 1976 1335 διεβεβόητο
2017 1252 2036 1333 ΙΙ
2081 1252 2465 1336 διαβεβόητο
2497 1251 2572 1316 Ω

614 1391 695 1402 ·-
739 1362 991 1432 βασιλεῖ
1015 1352 1034 1436 ΙΙ
1065 1354 1363 1432 βασιλεὺς
1400 1351 1468 1416 Ω
1515 1389 1596 1401 ·-
1641 1365 1683 1420 I
1687 1354 1892 1437 ύαρον
1921 1353 1942 1435 Ι
1973 1366 2012 1420 I
2017 1354 2210 1437 ύαριν
2255 1353 2325 1417 Ω
2356 1393 2443 1402 -
2474 1364 2572 1434 εἰς

615 1457 711 1522 αἐὶ
751 1455 772 1541 Ι
816 1460 878 1536 ές
923 1457 1019 1522 αἐὶ
1064 1454 1135 1519 Ω

615 1557 821 1626 τᾶλλα
863 1558 883 1643 ΙΙ
925 1558 1004 1624 τὰ
1052 1558 1217 1625 ἄλλα
1260 1556 1367 1620 ΑΓ
1405 1558 1611 1624 τᾶλλα
1641 1556 1710 1621 Ω
1758 1596 1837 1605 -
1885 1569 2306 1643 συνεισῆλθεν
2346 1559 2367 1645 Ι
2413 1582 2570 1626 συν-

610 1672 809 1745 ῆλθεν
869 1658 937 1723 Ω
1002 1697 1075 1707 -
1139 1660 1335 1739 αὐτὸς
1393 1660 1602 1727 αὑτοῦ
1643 1662 1662 1745 ΙΙ
1710 1683 1824 1725 om.
1886 1663 2093 1728 αὑτοῦ
2137 1659 2205 1724 Ω
2264 1699 2348 1709 --
2401 1663 2570 1729 ἀπο-

611 1770 831 1847 φέρων
876 1762 895 1848 ΙΙ
939 1769 1159 1846 φέρων
1201 1761 1270 1826 Ω
1314 1799 1401 1810 -
1441 1784 1620 1846 νοησ.
1669 1790 1736 1830 τε
1841 1784 1957 1827 om.
2002 1790 2071 1830 τε
2099 1761 2168 1826 Ω
2215 1800 2296 1811 --·
2341 1765 2569 1849 ἐθερά-

611 1885 803 1932 πευσε
844 1864 863 1949 ΙΙ
907 1864 1249 1948 ἐθεράπευε
1280 1863 1402 1927 ΩΓ
1446 1900 1530 1913 -
1575 1866 1730 1932 ἀλλ’
1762 1866 2019 1932 αὐτοῦ
2060 1864 2081 1950 Ι
2123 1867 2282 1932 ἀλλ’
2313 1866 2566 1946 αὐτὸς

610 1964 678 2029 Ω
734 2004 814 2013 -
870 1966 989 2033 τὸν
1047 1976 1245 2048 φίλον
1286 1966 1307 2051 fl
1350 1988 1465 2031 om.
1520 1966 1637 2033 τὸν
1677 1964 1746 2029 Ω
1806 2003 1889 2013 -
1947 1971 2138 2051 ἔργον
2185 1977 2382 2050 φίλου
2426 1968 2448 2053 Ι
2489 1996 2560 2049 φ.

610 2072 800 2153 ἔργον
846 2067 915 2132 Ω
958 2105 1041 2116 --
1088 2072 1193 2152 ἔτη
1238 2068 1359 2151 γὰρ
1405 2067 1424 2150 ΙΙ
1467 2072 1582 2134 ἔτι
1628 2096 1684 2150 γ.
1737 2065 1781 2128 Γ
1813 2106 1896 2116 -—
1942 2070 1996 2135 ὡ
2040 2082 2164 2138 Μν.
2272 2092 2390 2133 om.
2423 2074 2482 2134 h.
2519 2076 2560 2133 1.

610 2170 735 2233 ΑΩ
779 2208 860 2218 --
908 2175 1112 2252 ἔλεγες
1154 2170 1172 2255 ΙΙ
1216 2175 1300 2238 ἐλ.
1350 2170 1409 2236 ὦ
1450 2169 1787 2253 Μνήσιππε
1830 2169 1954 2234 ΑΩ
2009 2208 2089 2219 -—
2136 2172 2303 2257 πλὴν
2347 2171 2497 2241 οὖν
2542 2174 2563 2257 ss

614 2273 781 2357 πλὴν
827 2280 903 2339 δὲ
950 2272 1018 2336 Ω
1062 2273 1253 2356 πλὴν,
1300 2295 1427 2336 om.
1477 2269 1600 2341 οὖν
1644 2271 1752 2337 ΑΓ
1796 2311 1881 2321 -

610 2384 717 2442 καὶ
762 2376 967 2443 ἄλλον
1014 2373 1068 2442 ὦ
1112 2388 1169 2445 Ι.
1219 2375 1239 2460 ΙΙ
1286 2374 1339 2441 (ὃ
1374 2387 1420 2444 Ι.
1470 2403 1526 2442 κ.
1577 2375 1938 2443 ἄλλονΑΩ
1980 2414 2065 2424 -
2111 2376 2362 2457 αὐτὸς
2408 2382 2554 2461 ἓωρ.

609 2479 627 2561 ΙΙ
674 2479 928 2545 αὖτὶν
972 2483 1114 2564 έωρ.
1166 2478 1235 2542 Ω
1278 2515 1363 2525 -
1408 2490 1593 2545 πλεῖν
1634 2478 1656 2563 Ι
1697 2480 1777 2562 ἢν
1820 2477 1891 2542 Ω
1935 2516 2016 2527 —-
2063 2484 2182 2563 ἔφη
2225 2482 2245 2564 ΙΙ
2287 2483 2451 2564 ἔφην
2489 2479 2559 2543 Ω

609 2620 692 2629 -
737 2581 1050 2661 Πλειάδος
1154 2580 1476 2665 Πληϊάὸος
1519 2580 1696 2644 ΑΩΓ
1742 2619 1826 2628 -
1869 2591 1977 2648 καὶ
2020 2582 2138 2649 τὸν
2168 2583 2326 2651 Eds.
2375 2585 2393 2667 ΙΙ
2438 2605 2554 2651 om.

610 2692 717 2751 καὶ
761 2683 881 2746 ΩΓ
926 2722 1009 2731 —-
1066 2685 1348 2763 Δάμωνα
1393 2683 1412 2767 ΙΙ
1453 2684 1783 2763 Δάμμωνα
1826 2682 1897 2747 Ω
1953 2722 2036 2731 —-
2087 2697 2224 2753 Σικ.
2275 2686 2560 2769 εὐτυχῶς

610 2794 983 2853 διαπλεῦσαι
1026 2787 1043 2871 ΙΙ
1088 2794 1295 2855 ὁιαπλ.
1345 2798 1519 2869 Σικ.,
1568 2808 1682 2850 om.
1731 2787 2013 2869 εὐτυχῶς
2056 2785 2124 2850 Ω
2169 2824 2256 2833 -—
2300 2789 2495 2875 Ἰονίῳ
2543 2790 2560 2872 {i

613 2890 822 2957 Ἰωνίω
868 2887 937 2951 Ω
996 2926 1077 2936 -
1134 2892 1364 2956 ἔπλεον
1470 2911 1586 2952 om.
1633 2887 1700 2951 Ω
1757 2926 1842 2937 -
1886 2896 2062 2971 λέγοι
2105 2890 2124 2975 ΙΙ
2165 2894 2314 2974 λέγη
2358 2888 2429 2952 Ω
2477 2929 2558 2937 -

611 3000 995 3075 στροβίλους
1037 2990 1057 3076 ΙΙ
1100 2991 1504 3075 στροβόλους
1549 2990 1618 3055 Ω
1673 3028 1752 3037 -
1809 2996 2321 3075 ἐπισυρομένους
2362 2990 2382 3076 [Ι
2427 2997 2558 3058 ε’πι-

610 3099 967 3177 συρομένας
1024 3099 1078 3157 Α
1125 3132 1205 3141 -
1263 3101 1349 3173 εἰς
1409 3122 1461 3160 τ.
1509 3092 1530 3176 ΙΙ
1577 3098 1640 3173 ές
1684 3122 1736 3160 τ.
1786 3092 1838 3156 Γ
1874 3132 1958 3141 -—
1999 3093 2335 3161 θάλατταν
2377 3095 2398 3180 ΙΙ
2440 3095 2561 3162 θά-

608 3207 855 3262 λασσαν
886 3194 1019 3258 ΩΓ
1034 3200 1085 3261 Β
1131 3232 1213 3242 -
1259 3200 1321 3274 ἐς
1352 3194 1391 3261 ὃ
1435 3194 1455 3278 ΙΙ
1497 3203 1585 3275 εἰς
1629 3194 1667 3261 ὃ
1697 3200 1747 3258 Β
1796 3232 1876 3241 -
1921 3200 2024 3262 ἐπὶ
2059 3196 2346 3281 κεφαλὴν
2389 3196 2409 3281 ΙΙ
2455 3200 2557 3261 ἐπὶ

606 3298 723 3382 τὴν
768 3325 821 3365 κ.
872 3296 1069 3360 ΩΓΒ
1118 3336 1194 3345 -
1244 3302 1305 3376 ἐς
1348 3297 1427 3363 τὸ
1472 3324 1534 3365 π.
1583 3296 1602 3383 ΙΙ
1647 3304 1733 3377 εἰς
1775 3298 1845 3364 τὲ
1898 3325 1958 3365 π.
2003 3297 2071 3362 Ω
2115 3336 2200 3346 -
2243 3298 2360 3365 τὸν
2405 3299 2551 3367 ἆθλ.

606 3401 624 3487 ss
668 3422 784 3465 om.
829 3402 948 3468 τὸν
991 3399 1221 3464 ΑΩΓΒ
1266 3439 1350 3448 -
1396 3398 1518 3467 οὖν
1563 3401 1582 3484 ΙΙ
1625 3422 1740 3465 om.
1787 3398 1912 3463 ΑΩ
1957 3438 2041 3449 -·

605 3512 692 3584 εἰς
747 3504 864 3589 τὴν
907 3502 927 3587 ΙΙ
970 3508 1032 3583 ές
1093 3531 1144 3570 τ.
1208 3506 1259 3566 Β
1306 3540 1388 3550 -
1431 3501 1766 3569 θάλατταν
1807 3501 1829 3587 Ι
1869 3502 2208 3570 θάλασσαν
2253 3500 2428 3565 ΑΩΒ
2473 3540 2554 3548 -

607 3606 889 3687 Δάμωνα
936 3609 955 3690 ss
998 3605 1325 3685 Δάμμωνα
1383 3602 1451 3667 Ω
1511 3642 1592 3652 --
1648 3613 1756 3671 καὶ
1811 3605 1929 3689 τὴν
1987 3606 2175 3684 α’ποβ.
2225 3604 2246 3688 ΙΙ
2286 3626 2401 3667 om.
2450 3613 2556 3671 καὶ

607 3707 675 3772 Ω
728 3747 811 3756 -—
868 3708 1220 3775 ἐκπεσόντα
1262 3706 1284 3791 Ι
1325 3706 1718 3786 ἐμπεσόντας
1762 3705 1831 3770 Ω
1878 3744 1962 3753 -—
2004 3711 2067 3786 ἐς
2112 3717 2244 3774 πελ.
2293 3706 2312 3789 ΙΙ
2359 3715 2445 3785 εἰς
2489 3734 2550 3774 π.

609 3810 714 3875 ΓΒ
772 3850 853 3859 -—
913 3809 1319 3894 κοινωνήσας
1362 3809 1382 3894 ΙΙ
1425 3810 1953 3892 κοινωνήσαντας
1998 3808 2067 3871 Ω
2113 3846 2194 3856 —-
2237 3808 2355 3875 τὸν
2399 3807 2557 3891 ἦχον

605 3914 625 4002 ΙΙ
664 3926 786 3984 τοῦ
829 3912 921 3998 ἦχ.
984 3911 1053 3976 Ω
1113 3950 1193 3959 -
1250 3911 1369 3995 τὴν
1414 3913 1601 3994 α’πογ.
1651 3911 1669 3996 ss
1713 3919 1844 3977 καὶ
1899 3940 1951 3978 τ.
2001 3912 2058 3978 ἄ.
2107 3910 2210 3974 ΓΒ
2255 3948 2338 3958 --
2401 3938 2557 3993 προ-

606 4017 922 4102 απόληται
1031 4014 1521 4099 προαπόλληται
1566 4012 1635 4076 Ω
1681 4025 2145 4097 προαπολεῖται
2191 4010 2292 4075 ΓΒ
2325 4048 2406 4059 -
2437 4013 2554 4091 μα’-
