2750 4534
821 242 1104 295 ΟΝΕΙΡΟΣ
1137 243 1181 295 Η
1216 242 1619 297 ΑΔΕΚΤΡΥΩΝ.
2167 238 2285 297 121

120 439 262 495 μαι
321 410 450 498 γὰρ
511 403 714 489 eboc-g
758 433 865 493 σε,
923 401 1004 501 ἢν
1046 414 1252 497 μόνον
1305 408 1521 501 ἡμέρα
1566 419 1863 503 γένηται,
1925 415 2290 495 συντρίβων

121 517 218 601 τῇ
261 519 620 601 βακτηρίᾳ,
679 516 791 579 νῦν
840 513 966 600 γάρ
1022 540 1141 599 μοι
1197 514 1563 602 πράγματα
1619 515 1934 603 παρέξεις
1987 538 2290 599 μεταπη-

125 617 272 682 δῶν
320 615 390 683 ἐν
434 619 530 701 τῷ
574 614 808 702 σκότῳ.

313 720 924 785 ΑΛΕΚΤΡΥΩΝ.
1007 718 1260 785 Μικύλε
1309 718 1641 801 δέσποτα,
1698 714 1886 806 ᾤμην
1928 744 1999 785 τι
2035 729 2290 803 χαριεῖ-

129 825 320 886 σθαί
379 842 491 886 σοι
546 822 828 907 φθονῶν
884 823 998 905 τῆς
1057 818 1286 899 νυκτὸς
1345 817 1606 889 ὁπόσου
1664 812 1745 888 ἂν
1790 818 2142 907 δυναίμην,
2200 813 2292 895 ὥς

129 922 322 1005 ἔχοις
379 919 958 1008 ἒπορθρευόμενος
1013 921 1376 1008 προανύειν
1441 922 1527 988 τὰ
1582 923 1803 989 πολλὰ
1860 925 1996 987 τῶν
2054 920 2288 1007 ἔργων·

25 1016 220 1113 τοιιῆν
263 1027 426 1109 γοῦν
482 1026 643 1108 πρὶν
687 1016 874 1110 ἥλιον
935 1016 1226 1107 ἀνίσχειν
1281 1032 1445 1109 μίαν
1488 1026 1783 1113 κρηπῖδα
1827 1024 2102 1111 έργάσῃ,
2156 1020 2287 1105 πρὸ

128 1123 306 1194 ὁδοῦ
353 1124 469 1212 ἔσῃ
513 1128 707 1191 τοῦτο
755 1124 823 1205 ἐς
865 1124 946 1193 τὰ
995 1120 1250 1213 ἄλφιτα
1294 1126 1712 1213 πεπονηκώς.
1802 1126 1862 1193 εἰ
1908 1127 1981 1193 δέ
2026 1149 2137 1192 σοι
2180 1151 2293 1193 κα-

132 1227 418 1294 θεύδειν
462 1220 680 1315 ἥδιον,
742 1225 864 1312 ἐγώ
923 1228 1043 1311 μὲν
1087 1225 1508 1315 ἡσυχάσομαί
1568 1252 1677 1296 σοι
1722 1232 1833 1295 καὶ
1879 1225 2053 1296 πολὺ
2101 1220 2294 1313 ἆφω-

134 1329 416 1412 νότερος
473 1327 715 1412 ἔσομαι
770 1333 901 1397 τῶν
959 1330 1249 1412 ἰχθύων,
1311 1329 1390 1398 σὺ
1453 1332 1526 1398 δὲ
1571 1324 1698 1417 ὅρα
1754 1330 1945 1408 ὅπως
1993 1328 2083 1417 μὴ
2130 1324 2293 1412 ὄναρ

135 1434 457 1499 πλουτῶν
502 1430 833 1519 λιμώττῃς
878 1424 1332 1517 ἀνεγρόμενος.

318 1539 378 1600 2.
426 1538 628 1599 ΜΙΚ.
693 1518 767 1599 Ὦ
797 1537 929 1601 Ζεῦ
957 1533 1264 1617 τεράστιε
1306 1538 1420 1602 καὶ
1443 1531 1789 1619 “Ηράκλεις
1817 1526 2178 1614 ἀλεξίκακε,
2222 1538 2293 1597 τί
2324 1544 2361 1597 2

137 1636 215 1702 τὸ
249 1634 454 1702 κακὸν
498 1628 670 1703 τοῦτ’
712 1633 928 1719 ἐστίνς
973 1631 1427 1721 ἀνθρωπίνως
1471 1635 1787 1723 ἐλάλησεν
1830 1632 1865 1703 ὃ
1902 1628 2293 1719 ἀλεκτρυών.

317 1741 613 1805 ΑΛΕΚ.
688 1734 862 1805 Εἶτά
910 1762 1020 1807 σοι
1063 1743 1258 1825 τέρας
1302 1736 1475 1808 εἶναι
1521 1740 1703 1807 δοκεῖ
1740 1738 1817 1806 τὸ
1864 1731 2187 1820 τοιοῦτον,
2236 1738 2295 1805 εἰ

139 1837 506 1927 ὁμόφωνος
547 1836 702 1924 ύμῖν
748 1840 920 1924 εἰμι,·

319 1948 523 2009 MJK.
597 1947 761 2020 Πῶς
787 1942 912 2030 γὰρ
945 1938 1020 2009 οὗ
1052 1948 1282 2028 τέρας,·
1327 1937 1477 2010 ἀλλ’
1518 1938 1987 2030 ἀποτρέποιτε,
2033 1930 2088 2009 ὦ
2117 1949 2293 2019 θεοί,

142 2044 219 2111 τὸ
272 2042 492 2113 δεινὸν
537 2040 661 2132 ἀφ’
713 2042 918 2131 ἡμῶν.

320 2152 615 2215 ΑΛΕΚ.
704 2147 794 2214 Σύ
850 2173 968 2231 μοι
1027 2148 1271 2229 δοκεῖς,
1331 2134 1385 2213 ὦ
1433 2143 1731 2229 Μικύλε,
1790 2149 2033 2237 κομιδῇ
2084 2143 2297 2216 άπαί-

151 2249 381 2327 δευτος
427 2246 601 2317 εἶναι
643 2251 810 2339 μηδὲ
856 2244 1290 2335 ἀνεγνωκέναι
1331 2249 1417 2315 τὰ
1457 2245 1743 2338 Ὁμήρου
1790 2251 2167 2339 ποιήματα,
2230 2250 2296 2317 ἐν

151 2351 257 2429 οἷς
297 2354 410 2418 καὶ
465 2348 501 2419 ὃ
548 2356 667 2419 τοῦ
701 2346 1056 2435 Ἀχιλλέως
1099 2353 1318 2431 ἵππος
1375 2348 1412 2420 ὃ
1462 2353 1739 2429 Ξάνθος
1781 2352 2000 2439 μακρὰ
2042 2359 2297 2438 χαίρειν

153 2454 425 2542 φράσας
466 2458 563 2541 τῷ
601 2454 1002 2542 χρεμετίζειν
1047 2454 1312 2543 ἕστηκεν
1356 2454 1427 2522 ἐν
1458 2461 1643 2541 μέσῳ
1689 2459 1784 2541 τῷ
1829 2458 2105 2541 πολέμῳ
2151 2455 2299 2521 δια-

60 2572 138 2621 705
156 2557 507 2643 λεγόμενος
564 2556 692 2645 ἔπη
752 2556 876 2625 ὅλα
921 2558 1290 2646 ῥαψῳδῶν,
1354 2553 1469 2640 οὐχ
1514 2550 1745 2640 ὥσπερ
1804 2555 1927 2643 ἐγώ
1986 2561 2099 2623 νῦν
2144 2552 2299 2623 ἄνευ

153 2664 288 2725 τῶν
345 2664 636 2744 μέτρων,
697 2653 866 2727 ἀλλὰ
922 2662 1035 2726 καὶ
1093 2660 1476 2743 ἐμαντεύετο
1537 2658 1781 2737 ἐκεῖνος
1836 2662 1947 2725 καὶ
2002 2658 2087 2725 τὰ
2142 2660 2301 2741 μέλ-

157 2766 358 2830 λοντα
389 2760 850 2847 προεθέσπιζε
891 2764 1004 2829 καὶ
1033 2756 1224 2829 οὐδέν
1267 2788 1337 2829 τι
1367 2761 1749 2846 παράδοξον
1796 2760 2014 2827 ἐδόκει
2057 2774 2300 2841 ποιεῖν,

206 2858 223 2882 )
282 2857 301 2882 J
355 2858 376 2884 ζ
429 2857 447 2881 )

156 2964 489 3052 τρόπαιον
531 2960 890 3051 ἡγούμενος
932 2965 1006 3032 τὸ
1057 2961 1374 3049 ἄκουσμα.
1453 2972 1675 3033 καίτοι
1717 2972 1785 3032 τί
1830 2956 1911 3031 ἂν
1956 2964 2300 3054 ἐποίησας,

160 3068 223 3137 εἲ
265 3091 381 3135 σοι
421 3066 607 3155 ἠτῆς
642 3061 922 3153 Ἀργοῦς
965 3062 1205 3153 τρόπις
1251 3067 1567 3155 ἐλάλησεν
1612 3066 1843 3153 ὥσπερ
1888 3069 2055 3135 ποτὲ
2099 3064 2138 3156 ἡ
2172 3093 2303 3155 φη·-

157 3170 270 3256 γός
302 3170 374 3237 ἐν
402 3168 697 3257 Δωδώνῃ
745 3165 1135 3257 αὐτόφωνος
1178 3170 1643 3253 ἐμαντεύσατο,
1689 3161 1731 3258 ἢ
1762 3169 1823 3237 εἰ
1850 3170 2103 3257 βύρσας
2133 3167 2304 3247 εἶδες

159 3265 497 3359 ἑρπούσας
537 3274 649 3339 καὶ
685 3276 863 3357 βοῶν
906 3277 1064 3357 κρέα
1092 3273 1462 3357 μυκώμενα,
1508 3269 1829 3361 ἡμίοπτα,
1876 3296 2305 3359 περιπεπαρ-

157 3378 324 3457 μένα
357 3386 500 3450 τοῖς
529 3366 822 3457 ὃβελοῖς,·
867 3372 990 3459 ἐγώ
1025 3375 1096 3440 δὲ
1121 3369 1353 3458 Ἑρμοῦ
1400 3373 1736 3459 πάρεδρος
1779 3364 1871 3440 ὢν
1904 3370 2302 3440 λαλιστάτου

159 3479 266 3542 καὶ
299 3475 709 3561 λογιωτάτου
756 3480 937 3542 θεῶν
969 3471 1289 3542 ἁπάντων
1332 3479 1446 3543 καὶ
1472 3462 1686 3541 τᾶλλα
1730 3476 2120 3559 ὁμοδίαιτος
2148 3468 2303 3557 ὖμῑν

160 3580 268 3645 καὶ
301 3576 675 3664 σύντροφος
719 3572 794 3644 οὗ
821 3580 1132 3661 χαλεπῶς
1177 3576 1451 3662 ἔμελλον
1483 3576 1999 3663 ἐκμαθήσεσθαι
2040 3574 2156 3663 τὴν
2187 3568 2304 3641 άν-

161 3680 465 3764 θρώπων
511 3678 758 3766 φωνήν.
834 3680 996 3746 εἰδὲ
1029 3674 1465 3766 ἐχεμυθήσειν
1510 3675 1832 3761 ὑπόσχοιό
1877 3703 2015 3762 μοι,
2062 3671 2179 3743 οὐκ
2222 3666 2303 3743 ἂν

79 3779 518 3867 ῖοθόκνήσαιμί
573 3804 685 3847 σοι
740 3780 858 3869 τὴν
905 3776 1365 3869 ἀληθεστέραν
1424 3780 1644 3847 αἰτίαν
1698 3780 1913 3847 εἰπεῖν
1970 3782 2087 3866 τῆς
2132 3775 2305 3863 πρὸς

167 3879 334 3968 ὑμᾶς
379 3878 773 3971 ὁμοφωνίας
815 3886 925 3949 καὶ
969 3876 1136 3950 ὅθεν
1181 3877 1468 3967 ὑπάρχει
1508 3907 1627 3966 μοι
1673 3874 1845 3949 οῧτω
1891 3883 2133 3977 λαλεῖν.

331 3988 391 4051 3.
438 3990 642 4051 ΜΙΚ.
678 3977 882 4051 ’Ande
912 3983 1002 4073 μὴ
1036 3980 1291 4072 ὄνειρος
1320 3987 1433 4051 καὶ
1462 3983 1670 4050 ταῦτά
1703 3982 1900 4062 ἐστιν,
1934 3977 2302 4070 ἀλεκτρυὼν
2336 3994 2372 4047 3
