2750 4534
1077 238 1405 293 IMAGINES.
2192 238 2314 296 203

354 408 375 494 ΙΙ
404 413 702 493 ἐποίησεν
739 406 785 469 Γ
813 448 898 456 -
928 406 1125 489 οὗτος
1156 410 1175 492 ΙΙ
1202 409 1378 477 οὕτω
1410 408 1479 473 Ω
1525 447 1606 457 -
1627 409 1904 490 μάλιστα
1937 410 1960 495 ΙΙ
1992 410 2313 489 μάλλιστα

366 518 526 576 1324
562 548 642 559 --
663 511 977 596 Ῥωξάνης
1010 512 1033 596 {1
1055 511 1353 595 Ῥοξάνης
1376 518 1427 577 Β
1461 551 1540 559 -
1573 511 1738 579 ἀλλὰ
1771 517 1853 580 ἐν.
1893 512 1915 597 ss
1948 514 2103 579 ἀλλ’
2126 517 2212 581 ἐν.
2244 512 2313 575 Ω

142 636 190 677 c.
244 621 300 679 8.
348 624 488 681 τῶν
532 620 835 697 γραφέων
884 614 906 699 ΙΙ
950 613 1067 681 τὸν
1112 614 1456 699 γράψαντα
1503 613 1572 678 Ω
1615 652 1699 662 —-
1743 618 1988 695 ἐκεῖνος
2033 615 2057 701 ΙΙ
2104 619 2312 681 ἐκεῖνο

134 2002 189 2042 G.

135 2512 191 2554 G·

232 1987 336 2041 10.

358 713 428 778 Ω
476 754 557 763 -
603 721 913 796 ἐπέβαλεν
958 716 979 802 fl
1022 721 1369 797 ἐπέβαλλεν
1415 715 1484 780 Ω
1544 722 1811 797 ἐπέβαλε
1863 724 2020 781 1324
2081 756 2163 765 —-
2210 744 2314 784 πε-

358 823 754 907 φοινιγμένῳ
802 818 826 902 ΙΙ
870 824 1387 901 πεφοινιγμένων
1454 816 1522 881 Ω
1581 857 1662 865 -
1731 823 2124 903 ἰοβλέφαρον
2168 818 2191 903 ΙΙ
2238 820 2314 885 τὸ

357 927 690 1005 βλέφαρον
718 926 793 1004 A,
827 919 948 984 ΩΓ
985 930 1142 986 1324
1189 959 1271 969 -
1318 928 1654 1006 φιλομειδῆ
1699 929 1763 988 δὲ
1795 920 1820 1006 ΙΙ
1853 947 1916 1002 φ.
1966 930 2072 988 καὶ
2117 920 2184 984 Ω
2231 960 2315 968 -—

358 1024 590 1091 εἰκάσει
632 1023 651 1109 ΙΙ
696 1047 811 1088 om.
842 1028 917 1107 A,
949 1022 1017 1087 Ω
1048 1063 1131 1072 -
1176 1023 1576 1107 δικαιότερον
1621 1024 1639 1109 ΙΙ
1684 1023 2096 1092 δικαιότατον
2125 1022 2194 1087 Ω
2233 1062 2312 1071 --

360 1125 480 1209 τὴν
524 1137 647 1193 τοῦ
689 1132 975 1211 Βρισέως
1018 1124 1038 1211 ΙΙ
1080 1136 1159 1210 τῆ
1201 1155 1253 1194 τ.
1288 1138 1401 1210 Βρ.
1437 1131 1510 1208 A,
1557 1124 1626 1189 Ω
1670 1136 1770 1210 τῆι
1817 1155 1867 1193 τ.
1903 1137 2014 1211 Βρ.
2063 1130 2113 1189 Β
2153 1134 2312 1191 1324

294 1276 310 1292 .
361 1227 781 1311 πράττουσαν
810 1228 829 1315 ΙΙ
860 1228 1283 1313 πράσσουσαν
1315 1227 1383 1292 Ω
1413 1265 1496 1276 -
1544 1234 2004 1313 συνειλημένον
2033 1228 2053 1315 Ι]
2081 1284 2094 1297 .
2117 1284 2161 1297 ..
2193 1242 2314 1296 ειλ-

356 1336 683 1415 λημμένον
726 1329 796 1393 Ω
834 1338 991 1394 1324
1040 1369 1126 1379 —
1172 1331 1663 1413 ἀναγνώσεσθαι
1695 1329 1719 1416 ΙΙ
1753 1331 2310 1413 ἀναγινώσκεσθαι

358 1438 435 1516 A,
468 1432 604 1495 ΩΓ
618 1438 668 1497 Β
700 1433 1232 1516 άναγνώσκεσθαι
1270 1440 1431 1498 1324
1463 1471 1546 1480 -
1577 1438 1638 1500 εἴ
1676 1460 1806 1500 που
1851 1434 1870 1519 ΙΙ
1911 1432 1948 1518 ἦ
1982 1461 2113 1501 που
2144 1440 2194 1499 Β
2231 1474 2312 1483 —-

356 1540 461 1601 ἐπὶ
508 1544 727 1618 στίχου
770 1536 791 1622 ΙΙ
834 1541 965 1603 ἐπεὶ
1014 1558 1101 1605 στ.
1154 1543 1312 1600 1324
1360 1575 1444 1584 -
1481 1547 1716 1618 χειλῶν
1761 1537 1780 1621 ΙΙ
1817 1541 2085 1619 χειλέων
2131 1541 2204 1620 A,
2243 1537 2312 1601 Ω

362 1675 448 1684 -
492 1638 568 1705 τὸ
599 1650 720 1705 τοῦ
738 1639 819 1707 Ὁ.
870 1639 890 1724 ΙΙ
932 1650 1133 1706 τοῦτο
1154 1640 1280 1718 Ὁμ.
1314 1643 1391 1721 A,
1423 1636 1624 1701 ΩΓΒ
1662 1645 1821 1701 1324
1851 1677 1934 1686 -
1967 1641 2097 1706 οἷοι
2139 1639 2158 1723 ΙΙ
2205 1642 2312 1707 οἷα

356 1743 433 1821 A,
468 1738 557 1822 Ω,
590 1743 721 1807 οἷαι
753 1738 805 1801 Γ
837 1747 995 1804 1324
1046 1772 1125 1787 —*
1168 1746 1327 1822 μέγα
1372 1769 1433 1807 τι
1477 1751 1700 1819 θαῦμα
1741 1738 1761 1823 ΙΙ
1802 1751 2024 1821 θαῦμα
2055 1747 2216 1823 μέγα
2248 1769 2309 1807 τι

360 1840 429 1905 Ω
473 1881 557 1891 -
600 1842 1079 1928 ὑπερπεπαικός
1122 1843 1142 1927 ΙΙ
1185 1843 1583 1926 υπερπαικός
1628 1847 1682 1905 Α

370 1988 594 2059 σαφῶς
636 1977 657 2063 ΙΙ
701 1990 922 2061 σοφῶς
953 1978 1022 2041 Ω
1066 2019 1150 2029 -
1193 1985 1394 2061 λέγεις
1435 1981 1455 2066 ΙΙ
1498 1945 1705 2062 λέγῖιν
1738 1984 1872 2059 (sic)
1899 1984 1953 2042 A
1984 2018 2064 2027 -—
2110 1988 2172 2046 τί
2202 1981 2315 2065 δέΙΙ

358 2088 423 2145 τί
454 2087 557 2146 δαί
583 2084 635 2143 Β
682 2118 762 2127 -
808 2085 892 2147 ἐκ.
942 2091 1020 2164 τῇ
1063 2092 1229 2164 καλῇ
1272 2080 1292 2167 ΙΙ
1336 2103 1449 2146 om.
1494 2092 1572 2165 τῇ
1615 2079 1739 2144 ΑΩ
1784 2119 1866 2128 --
1914 2080 2126 2164 ὥσπερ
2170 2108 2239 2163 γε
2296 2081 2314 2164 ΙΙ

360 2204 476 2246 om.
522 2209 589 2264 γε
634 2181 703 2244 Ω
749 2220 830 2229 -
875 2189 1159 2262 τέθειμαι
1202 2184 1223 2268 ΙΙ
1265 2192 1518 2263 τίθεμαι
1553 2181 1621 2246 Ω
1666 2222 1750 2233 —-—
1793 2182 2045 2250 ὁπόταν
2087 2183 2106 2267 ΙΙ
2153 2182 2309 2250 ὁπό-

359 2286 480 2352 τᾶν
537 2289 671 2365 (sic)
738 2292 896 2353 1324
940 2322 1027 2333 ·—
1070 2292 1351 2367 γένωμαι
1409 2286 1429 2371 Ι]
1485 2290 1804 2368 γίνωμαιῬ
1861 2285 1930 2349 Ω
1987 2324 2073 2332 -
2130 2292 2235 2353 οἵα
2287 2287 2306 2369 ΙΙ

361 2390 470 2453 οἷα
514 2385 634 2451 ΩΒ
684 2424 757 2433 -

315 2536 331 2552 .
365 2496 918 2574 παραδραμοῦσαν
962 2489 982 2574 ss
1025 2497 1400 2573 δραμοῦσαν
1459 2488 1528 2552 Ω
1581 2527 1664 2536 -
1712 2488 1884 2570 ἅπαξ
1925 2489 1944 2575 ss
1985 2498 2093 2555 καὶ
2139 2489 2314 2570 ἅπαξ

370 2598 528 2655 1324
575 2629 662 2639 -
701 2598 1177 2675 θεοειδέστερον
1210 2592 1230 2677 ΙΙ
1260 2602 1424 2659 θεοῦ
1470 2591 1772 2676 δεύτερον
1817 2589 1886 2654 Ω
1933 2628 2016 2638 -
2058 2591 2138 2658 τὸ
2166 2591 2312 2675 ἥμε·

360 2720 481 2777 ρον
524 2694 544 2779 ΙΙ
586 2693 661 2760 τὸ
704 2694 1013 2779 ἡμέτερον
1045 2693 1114 2757 Ω
1160 2693 1259 2761 ὅτι
1290 2694 1366 2761 τὸ
1397 2693 1638 2787 ἥμερον
1668 2699 1718 2758 Β
1767 2732 1850 2741 -
1892 2694 2310 2779 μεγαλόφρον

359 2796 378 2879 ΙΙ
422 2824 499 2863 το
541 2800 677 2876 (sic)
721 2810 941 2880 μεγαλ.
994 2805 1152 2862 1324
1199 2796 1276 2865 τὸ
1320 2824 1452 2879 μεγ.
1502 2802 1552 2861 Β
1613 2835 1681 2845 —-
1724 2797 2047 2880 θαυμάζοι
2092 2796 2111 2883 ΙΙ
2152 2806 2312 2863 θαυ-

362 2899 541 2982 μάζει
585 2903 639 2960 Α
687 2936 768 2946 —-
816 2902 993 2979 οἶμαι
1037 2899 1280 2978 κάλλος
1323 2898 1342 2984 ΙΙ
1386 2898 1628 2978 κάλλος
1674 2903 1849 2979 οἶμαι
1887 2896 1990 2962 ΓΒ
2026 2906 2182 2963 1324
2229 2937 2312 2946 -

362 3002 612 3069 ὁπόταν
656 3000 675 3086 ΙΙ
720 3025 834 3066 om.
898 3001 967 3064 Ω
1026 3040 1108 3049 -
1166 3002 1497 3086 συνδράμῃ
1544 3001 1567 3087 ΙΙ
1613 3024 1914 3083 suprascr.
1979 3029 2039 3068 οι
2100 2999 2168 3064 Ω
2229 3038 2310 3047 -

360 3115 615 3188 μορφῆς
658 3103 677 3188 ΙΙ
722 3113 829 3170 καὶ
872 3130 933 3182 μ.
969 3108 1021 3166 Β
1066 3142 1148 3151 -
1194 3110 1259 3169 δὲ
1305 3104 1472 3171 ἄλλα
1506 3104 1528 3189 ΙΙ
1562 3104 1631 3170 δ’
1673 3109 1723 3168 Β
1769 3141 1850 3151 -
1895 3104 2309 3187 α’σχημονοῦν

363 3207 383 3292 ΙΙ
427 3208 868 3290 εὐσχημονοῦν
901 3204 968 3269 Ω
1016 3244 1098 3253 ——
1143 3215 1250 3272 καὶ
1298 3213 1369 3272 αἶ’
1407 3234 1476 3289 γε
1507 3206 1530 3291 Ι]
1563 3216 1672 3273 καί
1714 3234 1783 3289 γε
1815 3213 1878 3272 αἱ
1907 3211 1981 3289 A,
2005 3204 2306 3270 ΩΓ1324

362 3347 445 3357 —-
501 3308 735 3393 κάκεῖΙΙ
768 3326 953 3376 κακεῖ
1006 3312 1055 3371 Β
1114 3344 1199 3355 -
1256 3308 1476 3387 ὅμοιαί
1524 3336 1636 3387 μοι
1679 3308 1698 3391 ΙΙ
1741 3310 1959 3389 ὁμοῖαι
2001 3336 2063 3387 μ.
2114 3306 2182 3371 Ω
2227 3346 2309 3354 -

361 3419 628 3479 δοκοῦσι
655 3411 675 3494 ΙΙ
705 3419 1009 3478 δοκοῦσιν
1043 3410 1090 3472 Γ
1137 3446 1217 3457 ——
1263 3409 1608 3490 κάλλιστός
1652 3438 1719 3477 τε
1748 3410 1768 3494 [Ι
1798 3433 1912 3475 om.
1958 3438 2026 3477 τε
2069 3407 2194 3473 ΑΩ
2228 3447 2308 3457 -

360 3515 758 3598 ἠσκημένος.
809 3567 822 3580 .
875 3569 887 3581 .
940 3530 1216 3597 γραφαῖς
1270 3514 1291 3599 ss
1349 3536 1464 3577 om.
1523 3512 1590 3576 Ω
1651 3552 1730 3559 -
1789 3519 2236 3596 διηνθισμένος
2293 3514 2312 3597 ΙΙ

360 3618 745 3699 ἠνθισμένος
796 3614 865 3677 Ω
929 3652 1006 3665 —-
1071 3625 1348 3699 πίθηκος
1393 3614 1413 3700 ΙΙ
1455 3625 1716 3693 πίθικος
1760 3613 1830 3676 Ω
1880 3651 1965 3662 -
2015 3615 2052 3699 ἢ
2100 3618 2225 3694 ἴβις
2268 3615 2306 3698 ἢ

358 3717 597 3801 τράγος
640 3715 659 3801 ΙΙ
700 3717 738 3801 ἢ
783 3716 1019 3801 τράγος
1064 3716 1100 3800 ἢ
1147 3720 1272 3797 ἶβις
1316 3714 1385 3779 Ω
1423 3724 1581 3779 1324
1629 3755 1710 3763 -
1757 3723 1813 3781 εἰ
1850 3715 1927 3795 μὶ
1965 3714 2091 3801 ΙῙῆν
2135 3742 2196 3794 μ.
2233 3719 2306 3797 A,

360 3818 429 3883 Ω
470 3827 628 3883 1324
660 3822 730 3901 B,
777 3819 857 3902 ἢν
900 3823 965 3882 in
1008 3841 1126 3883 ras.
1176 3816 1225 3881 Γ
1272 3857 1354 3865 -
1399 3818 1706 3901 ἁλουργεῖ
1745 3817 1763 3902 ΙΙ
1807 3818 2097 3902 ἁλουργῆ
2141 3815 2193 3879 Γ
2225 3855 2307 3866 --

361 3920 575 3988 ὁπόσα
617 3920 854 4005 ταύτης
887 3920 910 4006 ΙΙ
944 3920 1211 4001 ὁπόσοις
1255 3932 1459 3987 ταῦτα
1504 3924 1553 3983 Β

136 4049 196 4091 c.
231 4031 327 4089 12.
360 4018 624 4107 ἄμειψαι
666 4025 685 4109 ΙΙ
732 4024 1077 4104 ἀμείψομαι
1125 4027 1174 4085 Β
1219 4060 1302 4069 -
1348 4024 1528 4110 αὐτῷ
1573 4033 1667 4109 τῷ
1708 4026 1920 4110 μέτρῳ
1951 4021 1970 4107 ΙΙ
1999 4033 2093 4109 τῷ
2130 4023 2308 4109 αὐτῷ
