2750 4534
959 260 1511 314 ΙΚΑΡΟΜΕΝΙΠΠΟΣ.
2184 258 2302 315 151

146 417 224 519 ἦν
272 426 477 515 ὁρᾶν,
534 434 994 515 μοιχεύοντας,
1057 430 1493 519 φονεύοντας,
1556 429 2137 515 ἐπιβουλεύοντας,
2188 425 2307 515 ἆρ-

146 532 524 614 πάζοντας,
583 534 1089 619 ἐπιορκοῦντας,
1151 532 1457 611 δεδιότας
1506 528 1640 598 ὕπὸ
1699 535 1832 597 τῶν
1878 530 2306 597 οἰκειοτάτων

144 636 702 721 προδιδομένους.
796 641 893 703 16.
950 639 1060 702 καὶ
1118 634 1203 701 τᾶ
1263 635 1384 718 μὲν
1428 638 1560 699 τῶν
1602 636 1935 720 βασιλέων
1991 634 2302 721 τοιαύτην
2338 642 2409 698 16

144 742 449 823 παρέσχε
492 763 610 821 μοι
654 736 773 827 τὴν
821 736 1184 823 διατριβήν,
1232 735 1317 801 τὰ
1355 736 1427 803 δὲ
1460 737 1594 802 τῶν
1643 735 1931 802 ἰδιωτῶν
1976 732 2150 801 πολὺ
2196 759 2305 820 γε·

146 838 498 925 λοιότερα·
558 842 670 906 καὶ
712 864 838 924 γαρ
899 825 979 905 αῦ
1024 832 1363 915 κάκείνους
1422 837 1675 924 ἐώρων,
1729 833 2142 922 Ἑρμόδωρον
2185 837 2305 920 μὲν

143 939 257 1007 τὸν
295 935 757 1027 Επικούρειον
809 944 1043 1024 χιλίων
1090 940 1277 1007 ἕνεκα
1322 941 1628 1025 δραχμῶν
1675 938 2141 1026 ἐπιορκοῦντα,
2187 937 2303 1005 τὸν

146 1041 449 1109 Στωϊκὸν
495 1043 566 1110 δὲ
605 1036 1028 1129 Ἀγαθοκλέα
1074 1045 1230 1127 περὶ
1275 1045 1395 1108 τοῦ
1438 1045 1699 1126 μισθοῦ
1739 1046 1838 1127 τῷ
1880 1044 2156 1129 μαθητῇ
2202 1042 2304 1108 δι-

144 1144 538 1229 καζόμενον,
599 1147 915 1211 Κλεινίαν
975 1145 1047 1211 δὲ
1090 1144 1206 1210 τὸν
1253 1143 1500 1233 ῥήτορα
1560 1142 1627 1209 ἐκ
1677 1147 1796 1210 τοῦ
1834 1137 2303 1230 Ἀσκληπιείου

148 1246 401 1335 φιάλην
459 1242 982 1335 ὑφαιρούμενον,
1040 1245 1154 1312 τὸν
1209 1247 1280 1312 δὲ
1339 1245 1622 1313 Κυνικὸν
1670 1242 2035 1334 <-Ηρόφιλον
2095 1245 2164 1312 ἐν
2207 1249 2305 1331 τῷ

141 1355 614 1436 χαμαιτυπείῳ
659 1348 1098 1416 καθεύδοντα.
1172 1354 1242 1415 τί
1269 1347 1395 1434 γὰρ
1442 1338 1523 1413 ὃν
1552 1347 1707 1427 τοὺς
1739 1344 1979 1425 ἄλλους
2024 1350 2301 1433 λέγοιμι,

60 1464 129 1514 ’171
147 1478 300 1531 τους
346 1456 947 1538 τοιχωρυχοῦντας,
1005 1450 1162 1530 τοὺς
1207 1451 1707 1534 δεκαζομένους,
1770 1474 1925 1527 τους
1968 1450 2300 1530 δανείζον-

145 1579 279 1632 τας,
328 1554 492 1633 τοὺς
538 1554 982 1633 ἐπαιτοῦντας
1015 1556 1140 1640 (†)‚·
1185 1548 1358 1633 όλως
1400 1552 1526 1640 γὰρ
1573 1556 1845 1641 ποικίλη
1890 1556 1999 1619 καὶ
2046 1578 2298 1619 παντο-

150 1657 326 1745 δαπή
376 1683 484 1735 τις
525 1654 606 1743 ἦν
650 1684 690 1747 η
727 1662 892 1725 -.θέα

315 1765 376 1825 E
383 1764 628 1826 TAIP
659 1764 794 1827 Καὶ
818 1757 947 1846 μὴν
969 1761 1077 1824 καὶ
1103 1761 1333 1839 ταῦτα,
1359 1742 1776 1837 ῶΜένιππε,
1801 1758 2017 1833 καλῶς
2040 1752 2169 1838 εἶχε
2196 1758 2295 1822 λέ-

147 1880 308 1944 γειν·
340 1860 520 1927 έοικε
548 1860 674 1948 γὰρ
699 1855 776 1927 οὖ
799 1859 918 1949 τὴν
943 1864 1264 1943 τυχοῦσαν
1294 1858 1644 1948 τερπωλήν
1669 1882 1779 1925 σοι
1801 1862 2295 1947 παρεσχῆσθαι.

314 1968 549 2028 ΜΕΝ.
639 1962 874 2030 Πάντα
918 1962 1038 2045 μὲν
1084 1960 1233 2049 ἑξῆς
1279 1961 1607 2041 διελθεῖν,
1669 1945 1723 2025 ῶ
1768 1960 2080 2049 φιλότης,
2140 1954 2299 2026 0²:623·-

152 2088 366 2145 νατον,
419 2062 593 2131 ὅπου
637 2089 711 2150 γε
741 2067 850 2131 καὶ
883 2060 1048 2147 ὅραν
1091 2058 1260 2129 αὐτὰ
1309 2063 1499 2150 ε’ργον
1532 2062 1641 2150 ἦν·
1689 2061 1773 2127 τὰ
1817 2068 2046 2147 μέντοι
2090 2065 2297 2150 κεφά-

151 2168 301 2233 λαια
355 2170 493 2233 τῶν
538 2166 952 2254 πραγμάτων
1006 2169 1287 2233 τοιαῦτα
1333 2165 1649 2265 ἐφαίνετο
1695 2164 1807 2231 οἷά
1853 2189 2058 2254 φησιν
2088 2159 2297 2253 Ὅμη-

153 2293 258 2351 ρος
299 2268 393 2335 τὰ
439 2268 556 2336 ἐπὶ
598 2273 718 2357 τῆς
763 2262 1089 2347 ἀσπίδος·
1137 2262 1215 2335 οὗ
1244 2269 1364 2351 μὲν
1409 2267 1536 2353 γὰρ
1580 2266 1751 2356 ἦσαν
1798 2267 2142 2335 εἰλαπίναι
2186 2272 2296 2336 καὶ

153 2370 386 2454 γάμοι,
449 2371 735 2458 ετέρωθι
784 2372 857 2437 δὲ
905 2370 1297 2460 δικαστήρια
1354 2373 1467 2437 καὶ
1513 2369 1879 2457 ἐκκλησίαι,
1938 2364 2103 2436 καθ’
2156 2370 2295 2440 ε’τε-

155 2497 260 2556 ρον
293 2474 369 2541 δὲ
402 2479 602 2562 μέρος
634 2473 795 2540 ἔθυέ
839 2498 960 2551 τις,
1007 2473 1075 2539 ἐν
1103 2472 1419 2560 γειτόνων
1451 2473 1523 2539 δὲ
1553 2476 1831 2537 πενθῶν
1870 2468 2067 2551 αλλος
2098 2472 2295 2559 ἐφαί-

154 2596 323 2641 νετο·
393 2579 502 2641 καὶ
561 2575 674 2643 ὅτε
728 2577 848 2660 μὲν
909 2574 976 2653 ἐς
1031 2573 1148 2659 τὴν
1194 2574 1469 2661 Γετικὴν
1529 2566 2030 2659 ἀποβλέψαιμι,
2091 2577 2293 2641 πολε-

154 2686 437 2757 μοῦντας
485 2668 565 2744 ὃν
596 2678 819 2766 ἑώρων
862 2677 1020 2755 τοὺς
1051 2682 1290 2755 Γέτας·
1339 2676 1451 2743 ὅτε
1482 2677 1553 2743 δὲ
1582 2681 1949 2773 μεταβαίην
1995 2674 2110 2743 ἐπὶ
2140 2676 2295 2755 τοῦς

155 2780 448 2861 Σκύθας,
503 2783 977 2864 πλανωμένους
1023 2779 1141 2846 ἐπὶ
1182 2783 1314 2845 τῶν
1362 2776 1635 2863 ἁμαξῶν
1679 2774 1758 2867 ἠν
1806 2779 2002 2846 ἰδεῖν·
2059 2779 2294 2863 μικρὸν

157 2881 221 2946 δὲ
265 2881 616 2961 ἐπικλίνας
659 2880 776 2949 τὸν
820 2876 1186 2970 ὀφθαλμὸν
1232 2880 1348 2947 ἐπὶ
1378 2881 1643 2969 θάτερα
1687 2880 1841 2959 τοὺς
1870 2879 2295 2967 Αἰγυπτίους

156 2988 598 3071 γεωργοῦντας
643 2984 1038 3070 ἐπέβλεπον,
1086 2986 1196 3051 καὶ
1235 2979 1270 3050 ὃ
1308 2983 1549 3062 Φοῖνιξ
1590 2983 1663 3050 δὲ
1709 2982 2137 3070 ἐνεπορεύετο
2183 2990 2293 3053 καὶ

157 3080 422 3165 ὁΚίλιξ
463 3086 770 3175 ἐλῄστευε
811 3090 924 3153 καὶ
969 3083 1004 3153 ὃ
1054 3086 1308 3152 Λάκων
1362 3085 1799 3209 ἐμαστιγοῦτο
1845 3089 1955 3153 καὶ
2002 3083 2035 3153 ὅ
2076 3079 2293 3175 Ἀθη-

160 3202 334 3267 ναῑος
381 3187 731 3268 ἐδικάζετο.
813 3196 908 3256 17.
957 3184 1275 3256 ἁπάντων
1319 3187 1573 3254 τούτων
1618 3184 1750 3255 ῧτὸ
1797 3187 1913 3255 τὸν
1948 3181 2147 3255 αὐτὸν
2189 3215 2292 3275 γι-
2335 3202 2395 3253 17

79 3294 144 3346 772
160 3298 444 3374 νομένων
481 3291 721 3377 χρόνον
753 3284 889 3378 ὥρα
924 3314 1032 3357 σοι
1069 3286 1254 3379 ‘25⁷7'
1227 3306 1519 3359 επινοεῖν
1564 3287 1806 3368 ὁποῖός
1850 3315 1954 3369 τις
1982 3286 2016 3356 ὅ
2050 3291 2291 3357 κυκεών

161 3385 342 3472 οὗτος
387 3392 720 3480 ἐφαίνετο.
811 3386 1040 3476 ω’σπερ
1089 3383 1168 3459 άν
1221 3394 1286 3459 εί
1323 3419 1429 3471 τις
1475 3392 2075 3479 παραστησάμενος
2121 3395 2289 3459 πολ-

160 3494 300 3574 λους
339 3495 690 3581 χορευτάς,
735 3498 989 3579 μᾶλλον
1037 3496 1107 3561 δὲ
1152 3495 1444 3572 πολλους
1482 3494 1747 3578 χορούς,
1794 3492 2031 3560 έπειτα
2076 3518 2291 3579 προσ-

159 3595 368 3673 τάξειε
422 3600 555 3662 τῶν
602 3590 897 3685 ᾀδόντων
952 3596 1205 3683 ἑκάστῳ
1263 3596 1383 3686 τὴν
1429 3597 1758 3683 συνῳδίαν
1816 3589 2071 3684 άφέντα
2114 3596 2291 3662 ἰ’διον

161 3691 332 3782 ᾅδειν
399 3701 630 3783 μέλος,
699 3702 1260 3788 φιλοτιμουμένου
1330 3699 1402 3765 δὲ
1460 3698 1737 3764 ἑκάστου
1802 3702 1911 3765 καὶ
1978 3695 2053 3763 τὸ
2113 3697 2291 3764 ἰ’διον

163 3807 586 3886 περαίνοντος
641 3804 752 3868 καὶ
809 3800 925 3868 τὸν
971 3804 1260 3889 πλησίον
1315 3797 1827 3886 ὑπερβαλέσθαι
1882 3803 1964 3887 τῇ
2007 3802 2293 3885 μεγαλο-

41 3918 64 3941 ⁴
163 3910 372 3991 φωνίᾳ
427 3909 967 3989 προθυμουένου,
1042 3890 1171 3990 άρα
1228 3902 1486 3990 ἐνθυμῇ
1552 3902 1724 3989 πρὸς
1780 3900 1951 3980 Διὸς
2017 3902 2129 3969 οἵα
2182 3908 2291 3988 γέ-

165 3999 318 4069 νοιτ’
381 3994 460 4071 ἂν
503 4002 542 4091 ἡ
590 4005 766 4094 ω’δής
