2750 4534
944 222 1106 275 ΖΕΥΣ
1139 221 1512 275 ΤΡΑΓΩιΔΟΣ.
2188 218 2309 276 105

330 388 383 455 ὠ
429 395 589 479 θείη
637 392 960 475 Σαλαμίς,
1007 385 1289 469 ἀπολεῖς
1336 390 1407 457 δὲ
1454 389 1533 457 σὺ
1580 394 1771 457 τέκνα
1814 392 2154 476 γυναικῶν.

154 496 264 560 καὶ
337 498 606 580 Πέρσαι
669 493 826 581 γάρ,
879 490 1117 578 -οἶμαι,
1191 496 1302 559 καὶ
1351 484 1658 581 Ἕλληνες
1722 497 1917 559 τέκνα
1988 494 2313 578 γυναικοῖν

153 592 350 682 ἦσαν.
409 587 572 661 όταν
617 596 738 679 μὲν
781 593 907 681 γὰρ
952 594 1159 662 πάλιν
1201 598 1335 661 τῶν
1382 594 1721 681 ῥαψῳδῶν
1766 587 2159 674 ἀκούσωσιν,
2207 587 2313 660 ότι

145 698 262 763 καὶ
326 695 578 781 ἐρωμεν
633 701 744 764 καὶ
795 697 1309 781 τιτρωσκόμεθα
1353 700 1467 763 καὶ
1524 696 1957 781 δεσμούμεθα
2001 698 2113 762 καὶ
2159 694 2313 761 δου-

150 799 434 883 λεύομεν
491 802 604 866 καὶ
663 799 1104 884 στασιάζομεν
1160 802 1273 866 καὶ
1327 806 1534 884 μυρία
1588 792 1721 867 ὅσα
1764 798 2125 884 πράγματα
2170 796 2313 879 ἔχο-

147 927 308 986 μεν,
370 904 484 969 καὶ
528 905 739 969 ταῦτα
793 902 1114 987 μακάριοι
1156 905 1268 969 καὶ
1329 898 1683 990 ἄφθαρτοι
1737 895 2076 980 ἀξιοῦντες
2121 896 2311 980 εἶναι,

147 1009 226 1071 τί
268 1000 437 1070 ἄλλο
481 993 524 1091 ἢ
570 1003 846 1082 δικαίως
888 1006 1298 1090 καταγελῶσι
1341 1007 1451 1072 καὶ
1500 1003 1567 1071 ἐν
1613 998 1833 1071 οὗδενὶ
1876 1008 2186 1071 τίθενται
2228 1000 2311 1066 τὰ

147 1102 478 1193 ἦμέτερα,·
531 1102 722 1195 ἡμεῖς
753 1103 849 1172 ’δὲ
900 1100 1423 1192 ἀγανακτοῦμεν,
1472 1106 1539 1173 εἴ
1575 1130 1751 1184 τινες
1794 1100 2158 1190 ἅνθρωποι
2200 1099 2312 1169 ὄν·-

147 1234 261 1287 τες
299 1202 374 1274 οὗ
420 1206 600 1274 πάνυ
648 1201 923 1296 ἀνόητοι
968 1208 1375 1295 διελέγχουσι
1418 1211 1629 1274 ταῦτα
1671 1209 1785 1274 καὶ
1826 1206 1944 1295 τὴν
1990 1207 2314 1293 πρόνοιαν

147 1309 348 1399 ἡμῶν
406 1313 929 1394 παρωθοῦνται,
989 1310 1138 1377 δέον
1197 1304 1499 1396 ἀγαπᾶν,
1560 1310 1627 1376 εἰ’
1676 1334 1853 1387 τινες
1902 1305 2059 1394 ἡμῖν
2103 1310 2314 1377 θύου-

152 1438 264 1481 σιν
313 1414 413 1481 ἔτι
459 1410 544 1479 τὰ
589 1416 870 1480 τοιαῦτα
915 1412 1467 1497 ἐξαμαρτάνουσι.
1532 1417 1635 1479 21.
1678 1418 1793 1479 καί
1834 1436 1953 1496 μοι
1999 1410 2312 1493 ἐνταῦθα,
2348 1416 2417 1471 21

151 1503 208 1581 ὦ
255 1518 394 1582 Ζεῦ
426 1552 509 1562 -
538 1515 736 1599 μόνοι
777 1515 905 1601 γάρ
950 1514 1146 1598 ἐσμεν
1188 1517 1300 1581 καὶ
1346 1510 1567 1592 οὐδεὶς
1612 1509 1983 1601 ἅνθρωπος
2028 1514 2317 1598 πάρεστι

151 1622 248 1705 τῷ
285 1610 583 1704 ξυλλόγῳ
628 1616 755 1695 ἔξω
781 1614 1186 1701 Ἡρακλέους.
1216 1620 1328 1683 καὶ
1358 1615 1693 1683 Διονύσου
1739 1618 1848 1683 καὶ
1886 1615 2315 1705 Γανυμήδους

153 1724 266 1790 καὶ
317 1713 764 1807 Ἀσκληπιοῦ,
820 1722 954 1787 τῶν
1012 1720 1549 1806 παρεγγράπτων
1604 1718 1857 1786 τούτων
1900 1752 1987 1766 —
2032 1712 2315 1801 ἀπόκρι-

43 1829 270 1890 666ναί
315 1848 438 1906 μοι
481 1815 628 1906 μετ’
682 1815 1030 1910 ἀληθείας,
1078 1824 1144 1889 εἴ
1171 1826 1340 1889 ποτέ
1384 1846 1495 1889 σοι
1540 1820 1855 1909 ἐμέλησεν
1902 1820 1968 1899 ἐς
1996 1825 2316 1887 τοσοῦτον

151 1929 288 1992 τῶν
320 1924 392 1991 ἐν
421 1927 504 2011 τῇ
547 1928 646 2011 γῇ,
695 1920 785 2002 ὥς
831 1923 1140 2003 ἐξετάσαι
1185 1925 1429 2002 οἵτινες
1462 1918 1679 1990 αῦτῶν
1724 1924 1790 1991 οἱ
1836 1926 2085 2011 φαῦλοι
2128 1913 2169 2012 ἢ
2215 1923 2317 1991 οῗ-

150 2052 334 2105 τινες
364 2027 432 2093 οἱ
459 2033 737 2115 χρηστοί
775 2026 978 2093 εἰσιν·
1027 2020 1178 2092 ἀλλ’
1232 2020 1348 2093 οῦκ
1395 2016 1475 2092 ὃν
1520 2026 1764 2104 ε’ίποις.
1840 2025 1901 2092 εἰ
1942 2029 2099 2112 γοῦν
2141 2024 2232 2113 μὴ
2278 2022 2313 2093 ὅ

156 2127 424 2219 Θησεὺς
469 2128 538 2195 ἐκ
575 2127 932 2217 Τροιζῆνος
975 2128 1071 2206 εἰς
1101 2122 1408 2217 Ἀθήνας
1454 2128 1575 2194 ἰών
1603 2124 1767 2195 ὁδοῦ
1813 2128 2147 2215 πάρεργον
2181 2126 2318 2205 ἐξέ-

154 2244 334 2315 κοψε
379 2229 536 2309 τοῦς
580 2230 1007 2317 κακούργους,
1067 2223 1228 2298 ὅσον
1285 2229 1402 2297 ἐπὶ
1450 2233 1558 2297 σοὶ
1616 2234 1729 2297 καὶ
1772 2235 1856 2319 τῇ
1903 2234 1985 2317 σῇ
2029 2236 2319 2317 προνοίᾳ

155 2328 354 2399 οὐδὲν
403 2359 484 2399 αν
529 2330 853 2399 ἐκωλυσεν
899 2331 1362 2421 ἐντρυφῶντας
1423 2332 1533 2419 ζῆν
1594 2346 1744 2409 ταῖς
1799 2336 1933 2398 τῶν
1991 2332 2319 2418 παροδοι-

155 2433 555 2522 πορούντων
595 2449 890 2527 σφαγαῖς
932 2434 1048 2502 τὸν
1091 2441 1431 2521 Σκείρωνα
1474 2438 1583 2502 καὶ
1629 2432 1746 2501 τὸν
1790 2433 2319 2521 Πιτυοκάμπτην

155 2540 274 2604 καὶ
319 2536 662 2622 Κερκυόνα
696 2540 817 2603 καὶ
861 2561 1018 2615 τους
1063 2534 1336 2615 αλλους·
1381 2564 1419 2623 η
1471 2536 1537 2602 εί
1574 2561 1648 2622 γε
1690 2534 1777 2621 μὴ
1825 2531 1860 2601 ὃ
1912 2529 2317 2620 Εὐρυσθεύς,

161 2634 328 2728 ἀνὴρ
392 2632 665 2723 ἀρχαῖος
708 2641 818 2705 καὶ
865 2637 1338 2727 προνοητικός,
1397 2634 1531 2706 ὑπὸ
1580 2640 2111 2726 φιλανθρωπίας
2156 2630 2319 2703 ἀνα-

161 2741 684 2826 πυνθανόμενος
713 2739 798 2808 τὰ
832 2736 1000 2827 παρ’
1044 2740 1349 2819 ἑκάστοις
1382 2740 1723 2827 ἐξέπεμψε
1750 2742 2015 2807 τουτονὶ
2058 2737 2175 2807 τὸν
2220 2739 2322 2807 οἷ-

59 2857 141 2905 667
160 2850 356 2932 κέτην
403 2838 639 2925 αὑτοῦ,
688 2842 1032 2930 ἐργατικὸν
1077 2839 1450 2931 ἄνθρωπον
1494 2849 1607 2910 καί
1652 2842 2011 2930 πρόθυμον
2056 2842 2124 2920 ἐς
2166 2840 2322 2920 τοὺς

161 2946 444 3025 πόνους,
492 2940 527 3012 ὃ
577 2943 748 3024 Ζεύς
801 2944 880 3017 σὺ
926 2939 1153 3032 ὀλίγον
1198 2938 1609 3033 ἐφρόντισας
1648 2936 1727 3011 ἀν
1771 2949 1889 3034 τῆς
1922 2944 2168 3030 Ὕδρας
2209 2948 2324 3010 καὶ

160 3052 294 3115 τῶν
357 3046 426 3115 ἐν
470 3048 854 3137 Στυμφάλῳ
910 3042 1158 3134 ὀρνέων
1202 3052 1314 3115 καὶ
1357 3049 1596 3115 ἵππων
1640 3052 1773 3114 τῶν
1823 3051 2167 3137 Θρᾳκικων
2209 3050 2323 3114 καὶ

159 3155 282 3239 τῆς
327 3152 730 3239 Κενταύρων
787 3143 1040 3235 ύβρεως
1092 3154 1205 3217 καὶ
1261 3157 1643 3237 παροινίας.
1732 3156 1835 3217 22.
1882 3144 2034 3216 ἀλλ’
2096 3150 2156 3216 εἰ
2194 3149 2317 3237 χρὴ
2343 3159 2419 3215 22

159 3247 432 3341 τάληθῆ
492 3254 732 3339 λέγειν,
791 3253 1160 3339 καθημεθα
1196 3256 1410 3322 τοῦτο
1454 3252 1659 3337 μόνον
1704 3252 2202 3340 ἐπιτηροῦντες,
2261 3251 2327 3317 εἲ

159 3380 265 3433 τις
311 3354 476 3421 θύει
519 3358 633 3421 καὶ
676 3359 874 3443 κνισᾷ
917 3353 1106 3440 παρὰ
1149 3356 1306 3433 τοὺς
1350 3355 1647 3439 βωμούς·
1696 3354 1781 3421 τὰ
1825 3354 1888 3420 δ’
1940 3350 2111 3421 αλλα
2153 3352 2323 3419 κατὰ

161 3459 322 3541 ῥοῦν
383 3461 662 3543 φέρεται
722 3452 813 3534 ὥς
871 3446 950 3522 ἀν
1007 3456 1164 3543 τύχῃ
1226 3456 1499 3523 ἕκαστον
1552 3455 2095 3541 παρασυρόμενα.
2180 3478 2323 3520 τοι-

158 3561 410 3643 γαροῦν
459 3557 685 3627 εἰκότα
730 3562 844 3624 νῦν
889 3557 1233 3641 πάσχομεν
1276 3560 1389 3623 καὶ
1435 3558 1535 3625 ἔτι
1580 3558 1997 3640 πεισόμεθα,
2046 3553 2323 3622 ἐπειδὰν

158 3654 312 3726 κατ’
367 3654 596 3747 ὀλίγον
638 3661 709 3727 ὀἱ
753 3656 1116 3745 ἅνθρωποι
1161 3660 1650 3738 ἀνακύπτοντες
1695 3656 2086 3745 εὑρίσκωσιν
2133 3652 2324 3726 οῦδὲν

161 3759 413 3851 ὄφελος
461 3756 690 3841 αὐτοῖς
735 3758 839 3843 ὅν,
899 3762 959 3829 εἰ
1010 3762 1246 3829 θύοιεν
1297 3758 1455 3851 ἡμῖν
1499 3765 1609 3829 καὶ
1654 3760 1776 3840 τὰς
1821 3762 2105 3845 πομπὰς
2148 3767 2322 3847 πέμ-

67 3878 383 3934 θθδποιεν.
463 3856 590 3930 εἶτ’
645 3863 713 3931 ἐν
755 3870 990 3949 βραχεῖ
1032 3860 1196 3950 ὄψει
1239 3865 1742 3950 καταγελῶντας
1783 3865 1903 3948 μὲν
1948 3863 2103 3942 τοὺς
2137 3858 2323 3933 Ἐπι-

161 3962 444 4054 κούρους
516 3968 629 4031 καὶ
695 3965 1199 4054 Μητροδώρους
1270 3970 1380 4032 καὶ
1446 3964 1777 4049 Δάμιδας,
1843 3971 2324 4052 κρατουμένους
