2750 4534
457 233 488 287 1
499 230 580 289 08
1352 231 1725 285 ΔΟΥΚῙΑΝΟΥ

455 415 604 479 ταῖς
669 406 1052 478 συνουσίαις
1118 394 1191 467 οὗ
1262 400 1607 487 ξυνείρων,
1685 396 1855 467 ἀλλὰ
1919 400 2336 485 βατταρίζων
2413 425 2619 466 τετα-

458 507 814 590 ραγμένως,
859 505 970 570 καὶ
1013 501 1307 586 μάλιστα
1351 498 1614 569 ὁπόταν
1645 495 1858 580 οῧτως
1890 501 2055 585 ἔχων
2099 506 2211 569 καὶ
2254 503 2623 590 καλλιρρη-

456 605 745 693 μοσύνην
799 604 1313 672 ἐπιδείκνυσθαι
1368 604 1710 694 βούληται.
1802 605 2089 683 ξυνεῖναι
2146 605 2267 689 μὲν
2325 603 2452 690 γὰρ
2518 604 2621 683 εἰς

455 704 831 795 ὑπερβολὴν
875 701 1028 784 ὀξύς
1058 704 1201 773 ἐστι
1238 709 1350 773 καὶ
1400 707 1905 792 λεπτογνώμων,
1954 700 2044 783 ὥς
2074 728 2285 794 φασιν
2316 706 2383 772 οἱ
2414 700 2621 789 ἄμει-

461 836 571 879 νον
627 808 711 875 τὰ
769 812 900 875 τῶν
957 812 1269 875 Στωϊκῶν
1327 808 1612 889 εἰδότες,
1674 810 1879 894 λέγων
1939 807 2009 875 δὲ
2065 811 2179 874 καὶ
2236 806 2621 894 ἑρμηνεύων

460 906 580 980 ὑπ’
633 907 995 989 ασθενείας
1053 910 1451 1000 διαφθείρει
1509 905 1677 978 αὐτὰ
1734 915 1847 978 καὶ
1907 924 2131 997 συγχεῖ
2181 904 2298 977 οὐκ
2341 905 2622 976 ἀποσα-

462 1006 828 1103 φηνίζων(
802 1007 842 1081 ό
884 1039 953 1080 τι
993 1013 1344 1097 βούλεται,
1393 1007 1546 1079 ἀλλ’
1599 1012 1983 1099 αἰνίγμασιν
2030 1012 2293 1080 ἐοικότα
2338 1019 2621 1099 προτεί-

462 1139 592 1184 νων
636 1118 748 1183 καὶ
793 1110 1003 1181 πάλιν
1050 1112 1130 1181 αύ
1176 1113 1350 1181 πολὺ
1399 1108 1829 1203 ἀσαφέστερα
1872 1112 2047 1198 πρὸς
2089 1114 2212 1192 τὰς
2256 1113 2624 1203 ἐρωτήσεις

465 1216 1019 1307 ἀποκρινόμενος·
1091 1218 1157 1284 οἱ
1215 1216 1286 1283 δὲ
1343 1210 1421 1283 ού
1486 1217 1808 1296 ξυνιέντες
1871 1219 2321 1303 καταγελῶσιν
2390 1210 2622 1283 αύτοῦ.

466 1320 568 1387 δεῖ
628 1314 691 1387 δ’
758 1316 949 1404 οἶμαι
1007 1324 1243 1407 σαφῶς
1300 1321 1514 1405 λέγειν
1570 1322 1682 1386 καὶ
1726 1319 1964 1386 τούτου
2014 1319 2312 1403 μάλιστα
2355 1317 2623 1407 πολλὴν

467 1427 829 1491 ποιεῖσθαι
872 1421 992 1508 τὴν
1034 1422 1384 1508 πρόνοιαν,
1431 1417 1524 1499 ὥς
1569 1421 1959 1507 ξυνήσουσιν
2005 1422 2071 1488 οἱ
2117 1414 2489 1498 ἀκούοντες.

363 1534 437 1589 28
637 1530 737 1592 28.
782 1528 1035 1591 ΜΩΜ.
1118 1528 1332 1591 Τοῦτο
1390 1526 1511 1609 μὲν
1568 1521 1799 1611 ὀρθῶς
1849 1523 2106 1606 ε’λεξας,
2166 1520 2219 1589 ῶ
2252 1519 2623 1604 Απολλον,

468 1626 830 1706 επαινέσας
871 1626 1028 1706 τοὺς
1071 1631 1309 1715 σαφῶς
1353 1630 1693 1713 λέγοντας,
1754 1626 1815 1693 εἰ
1869 1630 1979 1693 καὶ
2030 1625 2120 1716 μὴ
2169 1627 2345 1693 πάνυ
2392 1639 2627 1704 ποιεῖς

469 1726 668 1809 αὐτὸς
713 1730 792 1797 σύ
839 1728 906 1797 ἐν
949 1743 1094 1807 τοῖς
1130 1740 1455 1818 χρησμοῖς
1499 1728 1694 1808 λοξὸς
1729 1755 1822 1795 ων
1865 1732 1975 1795 καὶ
2021 1728 2360 1817 γριφώδης
2389 1732 2506 1795 καὶ
2553 1728 2624 1807 ἐς
2642 1742 2729 1792 6¹14

465 1832 541 1899 τὸ
589 1837 980 1953 μεταίχμιον
1039 1826 1323 1920 ἀσαφῶς
1380 1825 1825 1916 ἀπορρίπτων
1879 1830 1965 1898 τὰ
2012 1832 2267 1918 πολλά,
2327 1828 2418 1908 ὥς
2460 1830 2628 1909 τοὺς

470 1928 830 2010 ἀκούοντας
875 1929 1078 1999 ἄλλου
1125 1932 1402 2001 δεῖσθαι
1439 1939 1717 2001 Πυθίου
1763 1932 1935 2019 πρὸς
1976 1932 2096 2023 τὴν
2154 1932 2456 2022 ἐξήγησιν
2506 1930 2629 1999 αὖ·

469 2039 622 2101 τῶν.
686 2028 856 2118 ἆτὰρ
886 2042 954 2101 τί
980 2034 1057 2102 τὸ
1093 2034 1208 2102 ἐπὶ
1238 2036 1455 2121 τούτῳ
1488 2035 1987 2120 ξυμβουλεύειςς
2015 2042 2168 2102 τίνα
2198 2036 2383 2101 ἰἀσιν
2415 2034 2629 2123 ποιή-

472 2142 736 2205 σασθαι
777 2140 897 2224 τῆς
949 2139 1352 2221 Τιμοκλέους
1398 2132 1768 2221 ἀδυναμίας
1813 2137 1881 2203 ἐν
1924 2152 2068 2215 τοῖς
2113 2137 2371 2223 λόγοις,·

367 2244 444 2300 29
643 2245 744 2307 29.
789 2243 1103 2307 AHOA.
1169 2240 1566 2326 Ξυνήγορον,
1614 2225 1667 2306 ὦ
1699 2243 1941 2324 Μῶμε,
1990 2240 2055 2307 εἴ
2081 2264 2230 2317 πως
2261 2239 2628 2326 δυνηθείη-

471 2366 611 2426 μεν,
661 2334 841 2429 αύτῷ
886 2356 1254 2428 παρασχεῖν
1301 2338 1502 2409 ἄλλον
1548 2345 1681 2409 τῶν
1728 2343 1961 2409 δεινῶν
2003 2342 2288 2422 τούτων,
2344 2340 2629 2426 ἐροῦντα

471 2438 617 2510 κατ’
672 2438 866 2522 αξίαν
910 2436 1088 2529 ὅπερ
1135 2470 1215 2509 αν
1261 2442 1508 2521 ἐκεῖνος
1552 2442 1965 2531 ἐνθυμηθεὶς
2008 2439 2337 2531 ὑποβάλῃ.

645 2548 897 2612 ΜΩΜ.
935 2538 1266 2630 Ἀγένειον
1295 2549 1496 2612 τοῦτο
1542 2540 1632 2622 ὥς
1664 2538 1940 2633 ἆληθῶς
1976 2544 2259 2631 εἴρηκας,
2306 2543 2408 2610 ε’τι
2453 2571 2628 2610 παι-

471 2648 772 2734 δαγωγοῦ
814 2672 997 2725 τινος
1043 2640 1387 2731 δεόμενον,
1448 2646 1799 2733 ξυνήγορον
1857 2646 1925 2712 ἐν
1981 2646 2295 2733 ξυνουσίᾳ
2339 2645 2631 2732 φιλοσό-

472 2775 619 2869 φων
676 2748 1257 2835 παραστήσασθαι
1314 2747 1799 2837 ἑρμηνεύσοντα
1857 2747 2031 2835 πρὸς
2080 2748 2235 2825 τοὺς
2278 2746 2630 2835 παρόντας

474 2877 648 2931 απερ
695 2878 774 2917 αν
821 2851 982 2939 δοκῇ
1034 2852 1381 2935 Τιμοκλεῖ,
1426 2854 1539 2917 καὶ
1582 2850 1699 2918 τὸν
1742 2851 1862 2934 μὲν
1906 2854 2134 2934 Δᾶμιν
2181 2844 2629 2935 αὐτοπρόσω-

475 2979 607 3019 πον
651 2954 762 3018 καὶ
809 2946 901 3018 δι’
955 2945 1160 3019 αὐτοῦ
1218 2954 1459 3038 λέγειν,
1520 2950 1637 3019 τὸν
1695 2954 1768 3019 δὲ
1812 2949 2138 3040 ὑποκριτῇ
2184 2951 2630 3037 προσχρώμε-

477 3080 589 3121 νον
648 3053 793 3140 ιδίςι
851 3052 1025 3139 πρὸς
1077 3053 1154 3121 τὸ
1217 3052 1331 3131 ούς
1390 3052 1617 3141 ἐκείνῳ
1677 3050 2085 3137 ὑποβάλλειν
2140 3051 2225 3118 τὰ
2281 3053 2628 3134 δοκοῦντα,

475 3156 590 3223 τὸν
648 3151 1011 3245 ὑποκριτὴν
1069 3156 1142 3223 δὲ
1195 3156 1604 3245 ῥητορεύειν,
1666 3150 1812 3223 οὐδ’
1866 3155 2067 3223 αὐτὸν
2112 3156 2277 3234 ἰ’σως
2323 3155 2631 3234 ξυνιέντα

477 3253 517 3327 ό
560 3286 628 3327 τι
674 3252 996 3325 ἀκούσειε.
1084 3262 1296 3325 ταῦτα
1341 3262 1489 3337 πῶς
1535 3254 1610 3325 οὗ
1660 3261 1867 3345 γέλως
1912 3287 1995 3325 αν
2040 3258 2141 3345 εἴη
2186 3261 2284 3344 τῷ
2330 3258 2633 3344 πλήθει,·

374 3372 454 3428 80
483 3357 653 3429 ἀλλὰ
688 3365 885 3429 τοῦτο
931 3362 1050 3446 μὲν
1097 3357 1315 3439 αλλως
1361 3362 1841 3449 ἐπινοήσωμεν.
1932 3368 2033 3430 30.
2082 3361 2160 3427 σύ
2208 3361 2298 3442 δέ,
2346 3358 2397 3425 ῶ
2444 3366 2630 3428 θαυ-

477 3466 682 3549 μάσιε
709 3502 796 3511 -—
825 3461 958 3552 φὴς
998 3462 1124 3550 γὰρ
1168 3468 1277 3531 καὶ
1322 3464 1560 3548 μάντις
1606 3460 1778 3530 εἶναι
1822 3468 1932 3531 καὶ
1976 3463 2272 3548 μισθοὺς
2318 3457 2434 3530 οὐκ
2476 3460 2629 3530 ὀλί-
2646 3479 2735 3527 6·τό

477 3592 632 3654 γους
696 3566 809 3633 ἐπὶ
867 3569 964 3652 τῷ
1021 3566 1304 3654 τοιούτῳ
1372 3566 1668 3645 ἐξέλεξας
1735 3562 1884 3652 ὄῖχρι
1941 3570 2061 3632 τοῦ
2116 3568 2225 3632 καὶ
2288 3567 2631 3644 πλίνθους

476 3679 724 3755 χρυσᾶς
779 3692 947 3735 ποτε
1003 3667 1347 3756 εἰληφέναι
1404 3706 1486 3717 ——
1542 3676 1609 3735 τί
1666 3662 1781 3735 οὐκ
1846 3668 2169 3746 ἐπεδείξω
2234 3664 2391 3756 ἡμῖν
2454 3668 2629 3733 κατὰ

479 3768 712 3857 καιρὸν
783 3770 901 3860 τὴν
971 3776 1197 3859 τέχνην
1269 3769 1621 3858 προειπών
1694 3766 2020 3857 ὁπότερος
2082 3773 2214 3836 τῶν
2279 3773 2630 3857 σοφιστῶν

481 3872 795 3961 κρατήσει
833 3876 1074 3960 λέγων,
1120 3870 1331 3942 οἶσθα
1374 3873 1503 3962 γὰρ
1549 3873 1767 3961 δήπου
1796 3872 1871 3940 τὸ
1908 3868 2417 3961 ἀποβησόμενον
2460 3873 2631 3956 μάν-

481 4000 586 4054 τις
628 4000 741 4041 ων.
