2750 4534
870 296 1040 350 ΥΠΕΡ
1073 296 1206 351 ΤΩΝ
1242 297 1550 351 ΕΙΚΟΝΩΝ.
2203 299 2287 358 49

131 465 535 546 κολακικούς,
585 461 845 533 ἐπαινῶ
885 471 1009 550 μέν
1053 489 1148 546 σε,
1195 469 1308 534 καὶ
1354 459 1471 533 ούκ
1516 465 1709 552 ἐχρῆν
1755 463 1993 546 ἄλλως.
2068 467 2291 534 ἐθέλω

132 568 202 634 δέ
245 592 360 635 σοι
409 569 744 655 διακρῖναι
783 570 896 636 καὶ
955 568 1256 652 διορίσαι
1297 568 1374 637 τό
1421 593 1495 636 τε
1535 571 1658 634 τοῦ
1702 568 2136 648 ἐπαινοῦντος
2180 570 2289 653 ἕρ-

129 694 236 754 γον
295 672 410 736 καὶ
467 667 587 757 τὴν
643 671 765 736 τοῦ
820 669 1101 747 κόλακος
1155 666 1555 758 ὑπερβολήν.
1642 665 1679 735 o‘
1737 669 1858 752 μὲν
1915 656 2032 738 οὖν
2086 669 2294 749 κόλαξ

129 764 243 838 ἅτε
299 774 422 859 τῆς
473 777 703 857 χρείας
761 769 948 838 ἕνεκα
1003 775 1124 858 τῆς
1165 771 1406 838 ἑαυτοῦ
1452 769 1779 852 ἐπαινῶν,
1838 765 2170 861 ἀληθείας
2215 772 2287 838 δὲ

129 866 354 962 ὀλίγην
413 873 823 956 ποιούμενος
879 872 999 959 τὴν
1055 873 1420 960 πρόνοιαν,
1480 865 1754 941 ἅπαντα
1809 869 2287 962 ὑπερεπαινεῖν

129 974 343 1041 οἴεται
404 976 574 1050 δεῖν,
634 973 1172 1060 ἐπιψευδόμενος
1227 977 1340 1042 καὶ
1397 979 1805 1059 προστιθεὶς
1860 969 2029 1063 παρ’
2081 971 2286 1044 αὑτοῦ

127 1073 205 1142 τὰ
249 1079 492 1157 πλείω,
537 1073 632 1155 ὥς
676 1075 766 1166 μὴ
814 1067 896 1144 ὀῖν
940 1070 1220 1165 ὀκνῆσαι
1260 1079 1375 1144 καὶ
1418 1075 1535 1145 τὸν
1576 1081 1905 1165 Θερσίτην
1949 1072 2286 1166 εὐμορφό-

41 1197 112 1246 500
129 1202 312 1262 τερον
373 1172 730 1267 ἀποφῆναι
786 1182 906 1247 τοῦ
943 1172 1302 1262 Ἀχιλλέως
1357 1181 1471 1246 καὶ
1524 1176 1644 1246 τὸν
1700 1184 2014 1264 Νέστορα
2070 1180 2285 1268 φάναι

127 1282 250 1344 τῶν
311 1279 431 1347 ἐπὶ
462 1275 666 1350 Ἴλιον
727 1281 1274 1366 στρατευσάντων
1328 1279 1449 1347 τὸν
1508 1279 1837 1347 νεώτατον
1892 1277 2096 1349 εἶναι·
2146 1282 2283 1349 διο-

127 1379 410 1460 μόσαιτο
473 1374 538 1447 δ’
611 1372 690 1449 ὃν
734 1385 846 1449 καὶ
889 1380 1007 1449 τὸν
1051 1388 1348 1470 Κροίσου
1394 1381 1612 1449 παῖδα
1654 1375 2143 1469 ὀξυηκοώτερον
2188 1381 2284 1452 εἶ-

131 1508 232 1550 ναι
272 1486 397 1552 τοῦ
441 1484 914 1568 Μελάμποδος
964 1486 1076 1550 καὶ
1121 1482 1240 1551 τὸν
1287 1488 1502 1551 Φινέα
1546 1476 1857 1568 ὀξύτερον
1902 1482 2284 1570 δεδορκέναι

126 1587 236 1650 τοῦ
277 1590 637 1672 Λυγκέως,
695 1582 909 1672 ἤνπερ
967 1585 1174 1670 μόνον
1229 1586 1548 1676 κερδᾶναί
1602 1611 1671 1652 τι
1728 1585 1970 1672 ἐλπίσῃ
2025 1585 2139 1653 ἐπὶ
2185 1589 2283 1672 τῷ

129 1685 483 1772 ψεύσματι.
571 1683 606 1754 ὅ
671 1688 745 1754 δέ
799 1711 874 1774 γε
920 1680 1080 1754 αύτὸ
1139 1691 1336 1756 τοῦτο
1384 1685 1680 1754 ἐπαινῶν
1724 1682 1839 1769 ούχ
1883 1679 2075 1764 ὅπως
2118 1681 2275 1754 οὐδ’

130 1815 201 1854 αν
257 1788 591 1874 ψεύσαιτό
649 1816 716 1857 τι
761 1779 802 1878 ἢ
848 1794 1190 1877 προσθείη
1242 1792 1377 1855 τῶν
1437 1789 1605 1876 μηδὲ
1649 1781 1824 1867 ὅλως
1866 1789 2279 1877 προσόντων,

127 1887 202 1956 τὰ
248 1884 311 1956 δ’
363 1887 754 1986 ὑπάρχοντα
787 1884 970 1977 αὐτῷ
1001 1891 1204 1979 φύσει
1242 1886 1496 1977 ἀγαθὰ,
1540 1880 1663 1956 κόἷν
1691 1888 1779 1976 μὴ
1814 1890 1995 1958 πάνυ
2023 1891 2280 1978 μεγάλα

127 1978 182 2076 ᾖ,
224 1991 644 2076 παραλαβών
700 1991 1030 2081 επηύξησε
1072 1996 1185 2060 καὶ
1228 1992 1435 2077 μείζω
1480 1986 1817 2081 ἀπέφηνε·
1875 1995 1987 2061 καὶ
2031 1994 2278 2082 τολμή-

129 2115 292 2161 σειεν
324 2121 412 2161 αν
443 2093 744 2175 εἰπεῖν,(
729 2095 945 2162 ι’ππον
977 2093 1332 2162 ἐπαινέσαι
1361 2095 1588 2162 θέλων
1632 2095 1836 2182 φύσει
1862 2096 2279 2181 κουφότατον

129 2188 209 2260 ὧν
251 2195 452 2280 ἰ’σμεν
499 2194 684 2282 ζῴων
729 2199 841 2265 καὶ
884 2196 1399 2284 δρομικώτατον,
1456 2188 1563 2263 ὅτι

245 2293 491 2384 ’Ἀκρον
537 2293 650 2365 ἐπ’
705 2292 1079 2386 ἀνθερίκων
1124 2298 1386 2386 καρπὸν
1430 2304 1592 2366 θέεν
1638 2292 1791 2366 οὐδὲ
1834 2301 2137 2367 κατέκλα.

129 2401 228 2464 καὶ
281 2401 495 2467 πάλιν
552 2394 668 2468 ούκ
724 2390 804 2467 ἂν
861 2394 1162 2486 ὀκνήσειέ
1219 2401 1433 2488 φάναι
1491 2394 1969 2482 ,,ὀιελλοπόδων
2028 2401 2276 2486 δρόμον

129 2499 423 2568 ἵππων.“
509 2505 620 2570 καὶ
676 2492 757 2590 ἢν
814 2502 1030 2569 οἰκίαν
1089 2502 1335 2590 ἐπαινῇ
1391 2501 1595 2590 καλὴν
1640 2503 1749 2568 καὶ
1796 2496 2039 2586 ἄριστα
2082 2527 2274 2568 κατε-

134 2609 590 2692 σκευασμένην,
637 2603 826 2672 ε’ίποι
871 2599 951 2670 ὀῖν

47 2716 116 2766 5⁰1
326 2705 545 2794 Ζηνός
589 2731 723 2772 που
767 2705 996 2790 τοιήδε
1038 2698 1103 2790 y‘
1145 2698 1517 2788 Ὀλυμπίου
1564 2703 1843 2772 ἔνδοθεν
1887 2696 2072 2788 αὐλή.

132 2801 162 2870 ὁ
206 2807 274 2873 δὲ
318 2806 528 2886 κόλαξ
558 2818 759 2874 τοῦτο
801 2807 878 2873 τὸ
928 2805 1093 2885 ἔπος
1137 2796 1257 2874 κόἷν
1302 2809 1462 2892 περὶ
1505 2809 1623 2891 τῆς
1656 2804 1957 2889 συβώτου
1987 2803 2274 2892 καλύβης

132 2906 334 2990 ε’ίποι,
398 2908 458 2975 εἰ
512 2908 718 2992 μόνον
762 2934 830 2976 τι
873 2909 1062 2996 παρὰ
1113 2910 1234 2975 τοῦ
1281 2906 1583 2992 συβώτου
1630 2909 1857 2990 λαβεῖν
1903 2906 2270 2974 ἐλπίσειεν·

131 2998 292 3074 ὅπου
365 3009 716 3087 Κύναιθος
780 3005 815 3076 ὅ
885 3015 1274 3097 Δημητρίου
1344 3011 1467 3076 τοῦ
1539 3008 2000 3096 Πολιορκητοῦ
2071 3007 2276 3087 κόλαξ

132 3103 439 3177 ἁπάντων
491 3105 675 3196 αύτῷ
730 3114 862 3176 τῶν
921 3109 1094 3192 πρὸς
1134 3109 1254 3197 τὴν
1298 3111 1645 3176 κολακείαν
1702 3111 2272 3192 καταναλωμένων

132 3207 352 3297 ἐπῄνει
409 3207 542 3278 ὖπὸ
588 3211 791 3300 βηχὸς
851 3211 1321 3295 ἐνοχλούμενον
1362 3210 1481 3278 τὸν
1525 3209 1944 3298 Δημήτριον,
2004 3202 2112 3278 ὅτι
2157 3210 2273 3294 ἒμ-

131 3314 333 3392 μελιῦς
379 3311 802 3400 ἐχρέμπτετο.
891 3319 993 3380 21.
1042 3306 1119 3380 οὗ
1163 3312 1369 3396 μόνον
1430 3312 1503 3378 δὲ
1552 3316 1751 3380 τοῦτο
1798 3311 2105 3398 ἑκατέρου
2152 3305 2268 3377 αύ-
2304 3323 2379 3379 21

131 3415 250 3478 τῶν
291 3413 635 3501 γνώρισμά
681 3413 860 3495 ἐστι,
920 3413 995 3480 τὸ
1043 3412 1200 3491 τοὺς
1242 3414 1363 3496 μὲν
1406 3411 1692 3490 κόλακας
1745 3410 1861 3479 οὐκ
1903 3405 2116 3478 ὀκνεῖν
2160 3415 2271 3478 καὶ

137 3515 506 3592 ψεύδεσθαι
575 3519 694 3582 τοῦ
761 3521 1190 3601 χαρίσασθαι
1262 3513 1448 3582 ἕνεκα
1526 3527 1671 3593 τοῖς
1742 3513 2270 3595 ἐπαινουμένοις,

133 3612 402 3702 ἐξαίρειν
460 3617 531 3684 δὲ
589 3616 747 3696 τούς
807 3617 1247 3695 ἐπαινοῦντας
1289 3616 1374 3683 τὰ
1419 3612 1806 3702 ὗπάρχοντα
1856 3617 2269 3700 πειρᾶσθαι·

134 3707 286 3783 ἀλλὰ
343 3713 622 3806 κάκείνῳ
688 3717 764 3786 οὗ
825 3723 1083 3806 σμικρῷ
1130 3718 1674 3798 διαλλάττουσιν,
1732 3709 1840 3784 ὅτι
1884 3715 1950 3783 οἱ
1992 3716 2115 3800 μὲν
2157 3719 2271 3784 κό-

135 3817 336 3901 λακες,
397 3814 507 3908 ἐφ’
574 3814 735 3888 ὅσον
795 3819 939 3889 οἶόν
995 3846 1071 3888 τε
1127 3813 1383 3902 αὐτοῖς,
1438 3823 1728 3906 χρῶνται
1784 3831 1934 3895 ταῖς
1983 3815 2269 3903 ὑπερβο-

138 3919 294 3998 λαῖς,
357 3916 910 4014 οἶρέπαινοῦντες
966 3923 1040 3990 δὲ
1095 3925 1208 3989 καὶ
1266 3922 1335 3989 ἐν
1394 3915 1627 3999 αὐταῖς
1677 3919 1952 3998 ταύταις
1998 3943 2267 4008 σωφρο-

55 4023 310 4088 bonoim
351 4026 460 4091 καὶ
509 4024 694 4101 ἐντὸς
738 4027 872 4091 τῶν
917 4017 1092 4111 ὅρων
1135 4028 1431 4107 μένουσι.
1506 4021 1716 4090 ταῦτά
1758 4045 1867 4090 σοι
1912 4014 2050 4087 ἆπὸ
2098 4026 2272 4090 πολ-

221 4129 382 4176 Luem
398 4133 516 4179 11.2.
1928 4127 1960 4174 4
