2750 4534
1061 298 1330 351 ΕΡΩΤΕΣ.
2196 300 2273 356 21

140 469 316 535 ώπου
366 473 588 555 χρῶτα
646 469 1157 557 φαιδρύνουσιν,
1216 464 1306 546 ῶς
1364 467 1437 534 δὲ
1497 468 1613 535 ἐπὶ
1658 469 2057 556 δημοτελοῦς
2100 495 2282 554 πομ-

142 576 260 660 πῆς
316 568 475 638 ἄλλο
533 597 602 639 τι
659 566 822 659 άλλη
881 574 1014 637 τῶν
1069 566 1543 658 ὖπηρετουσῶν
1609 569 2105 656 ἐγκεχείρισται,
2174 574 2283 639 λε-

140 674 398 752 κανίδας
456 667 744 759 ἀργυρᾶς
786 677 898 740 καὶ
943 673 1273 759 προχόους
1319 671 1647 757 ε’ίσοπτρά
1690 697 1765 740 τε
1806 675 1916 740 καὶ
1960 673 2280 762 καθάπερ

59 774 203 840 441ἒν
253 775 796 863 φαρμακοπώλου
856 773 1154 853 πυξίδων
1213 771 1438 856 ὄχλον,
1498 773 1728 860 ἀγγεῖα
1770 775 1983 859 μεστὰ
2028 777 2283 863 πολλῆς

141 879 672 961 κακοδαιμονίας,
755 876 824 943 ἒν
899 876 1000 954 οἷς
1064 870 1358 942 ὀδόντων
1434 879 1782 963 σμηκτικαὶ
1858 877 2170 961 δυνάμεις
2242 869 2284 967 ἢ

144 985 434 1070 βλέφαρα
465 982 874 1064 μελαίνουσα
905 984 1091 1068 τέχνη
1123 977 1627 1066 θησαυρίζεται.
1702 985 1805 1046 40.
1850 979 1926 1047 τὸ
1979 981 2050 1047 δὲ
2087 983 2280 1048 πλεῖ·
2312 988 2391 1045 40

146 1107 288 1151 στον
345 1081 686 1151 ἀναλίσκει
742 1087 944 1168 μέρος
1000 1077 1040 1170 ἡ
1087 1080 1301 1167 πλοκὴ
1346 1085 1483 1147 τῶν
1525 1085 1798 1166 τριχῶν·
1859 1083 1930 1149 αἱ
1983 1084 2105 1168 μὲν
2160 1083 2287 1170 γὰρ

148 1187 512 1273 φαρμάκοις
564 1182 982 1270 4ἐρυθαίνειν
1056 1183 1449 1266 δυναμένοις
1520 1184 1696 1267 πρὸς
1768 1180 1960 1272 ἡλίου
2033 1209 2289 1275 μεσημ-

146 1295 325 1374 βρίαν
355 1287 511 1366 τοὺς
551 1286 937 1370 πλοκάμους
981 1285 1100 1352 ἰ’σα
1143 1299 1292 1364 ταῖς
1333 1289 1468 1353 τῶν
1513 1285 1709 1373 ἐρίων
1747 1301 2013 1373 χροιαῖς
2058 1287 2291 1375 ξανθῷ

147 1391 677 1475 μεταβάπτουσιν
751 1383 950 1455 ἄνθει
1015 1388 1136 1472 τὴν
1209 1387 1391 1455 ἰδίαν
1460 1395 1977 1475 κατακρίνουσαι
2048 1390 2286 1478 φύσιν·

151 1489 428 1571 ὁπόσαις
477 1493 546 1558 δὲ
579 1485 800 1578 ἀρκεῖν
843 1487 884 1580 ἥ
916 1492 1202 1575 μέλαινα
1228 1497 1429 1578 χαίτη
1464 1490 1824 1574 νομίζεται,
1872 1491 1989 1558 τὸν
2018 1497 2152 1559 τῶν
2180 1518 2291 1578 γε·-

150 1595 526 1681 γαμηκότων
583 1594 876 1660 πλοῦτον
935 1590 1001 1671 ές
1057 1591 1304 1680 ταύτην
1364 1586 1834 1660 ἀναλίσκουσιν
1886 1586 2047 1682 ὅλην
2084 1588 2292 1681 Ἀρα-

151 1701 290 1778 βίαν
335 1695 570 1780 σχεδὸν
629 1695 700 1762 ἐκ
741 1699 874 1761 τῶν
930 1698 1170 1781 τριχῶν
1217 1689 1725 1778 ἀποπνέουσαι,
1773 1696 2015 1783 σιδηρᾶ
2060 1722 2133 1763 τε
2178 1693 2294 1783 ὅρ-

152 1825 303 1882 γανα
332 1797 552 1882 πυρὸς
582 1792 870 1886 ἀμβλείᾳ
915 1799 1114 1885 φλογὶ
1143 1800 1553 1879 χλιανθέντα
1592 1805 1714 1887 βίᾳ
1748 1797 1868 1886 τὴν
1900 1797 2133 1865 ἑλίκων
2180 1793 2293 1866 οῦ-

156 1901 385 1991 λότητα
417 1901 800 1986 διαπλέκει,
832 1903 943 1966 καὶ
974 1906 1318 1985 περίεργοι
1360 1900 1483 1983 μὲν
1522 1901 1593 1967 αἱ
1620 1905 1814 1984 μέχρι
1857 1904 1989 1967 τῶν
2022 1895 2295 1990 ὀφρύων

157 2001 654 2088 ἐφειλκυσμέναι
718 2001 921 2084 κόμαι
982 2000 1188 2090 βραχὺ
1257 2005 1352 2088 τῷ
1409 2001 1703 2087 μετώπῳ
1767 2001 1843 2068 τὸ
1904 2009 2297 2087 μεταίχμιον

160 2103 422 2191 ἀφιᾶσι,
487 2106 795 2189 σοβαρῶς
853 2104 924 2169 δὲ
982 2099 1134 2189 ἄχρι
1191 2107 1324 2170 τῶν
1384 2109 1816 2192 μεταφρένων
1875 2105 1940 2171 οἱ
1997 2100 2297 2172 ὄπισθεν

161 2205 664 2274 ἐπισαλεύονται
707 2205 1066 2290 πλόκαμοι.
1157 2212 1259 2272 41.
1304 2209 1417 2272 καὶ
1460 2204 1631 2290 μετὰ
1687 2210 1884 2272 τοῦτο
1928 2200 2296 2296 ἀνθοβαφῆ
2325 2214 2403 2270 41

163 2310 391 2377 πέδιλα
458 2313 576 2398 τῆς
637 2307 880 2390 σαρκὸς
939 2307 1254 2394 ἐνδοτέρω
1322 2306 1481 2386 τοὺς
1533 2307 1753 2386 πόδας
1811 2308 2298 2397 ἑπισφίγγοντα

164 2415 260 2478 καὶ
303 2410 690 2500 λεπτοῦφής
748 2411 814 2488 ές
858 2410 1208 2498 πρόφασιν
1265 2409 1477 2499 ἐσθὴς
1532 2406 1703 2495 ὑπὲρ
1757 2415 1877 2478 τοῦ
1935 2412 2151 2479 δοκεῖν
2206 2413 2295 2502 μὴ

167 2519 642 2598 γεγυμνῶσθαι.
748 2513 974 2580 πάντα
1043 2514 1115 2579 δὲ
1171 2512 1256 2579 τὰ
1316 2511 1503 2590 ἐντὸς
1570 2508 1773 2599 αὐτῆς
1826 2513 2300 2600 γνωριμώτερα

88 2621 270 2682 4421013
313 2616 690 2699 προσώπου
732 2619 936 2702 χωρὶς
984 2618 1115 2681 τῶν
1161 2609 1489 2702 ἀμόρφως
1533 2616 2127 2700 προπεπτωκότων
2169 2643 2301 2700 μα·-

172 2718 312 2799 ζιῦν,
371 2718 487 2797 οὓς
545 2712 648 2786 ἀεὶ
697 2722 1140 2804 περιφέρουσι
1197 2717 1564 2801 δεσμώτας.
1653 2724 1722 2785 τί
1766 2718 1870 2784 δεῖ
1920 2715 2005 2783 τὰ
2050 2716 2302 2784 τούτων

173 2821 624 2904 πλουσιώτερα
689 2818 855 2886 κακὰ
915 2819 1266 2901 διεξιέναι,·
1332 2820 1575 2897 λίθους
1623 2812 2079 2904 Ἐρυθραίους
2134 2819 2304 2886 κατὰ

171 2926 287 2988 τῶν
331 2926 546 3006 λοβῶν
591 2921 1094 2989 πολυτάλαντον
1135 2915 1540 3010 ηρτημένους
1578 2926 1821 3005 βρῖθος
1865 2911 1906 3010 ἢ
1948 2947 2103 3000 τους
2146 2925 2306 3006 περὶ

172 3039 442 3108 καρποῖς
496 3027 609 3091 καὶ
651 3029 962 3108 βραχίοσι
1009 3023 1399 3109 δράκοντας,
1460 3019 1551 3101 ῶς
1594 3018 1857 3112 ωφελον
1902 3018 2113 3102 όντως
2158 3019 2307 3093 ἀντὶ

171 3134 426 3210 χρυσίου
486 3126 837 3214 δράκοντες
881 3121 1087 3193 εἶναι·
1145 3129 1252 3193 καὶ
1301 3125 1598 3214 στεφάνη
1656 3126 1776 3210 μὲν
1822 3125 1890 3193 ἐν
1932 3126 2144 3215 κύκλῳ
2188 3129 2308 3216 τὴν

174 3227 449 3315 κεφαλὴν
507 3231 789 3312 περιθεῖ
844 3229 1074 3305 λίθοις
1121 3220 1426 3305 Ἰνδικαῖς
1483 3225 1862 3311 διάστερος,
1924 3231 2308 3306 πολυτελεῖς

180 3327 240 3392 δὲ
290 3334 421 3396 τῶν
467 3323 756 3413 αῦχένων
813 3322 1014 3416 όρμοι
1068 3333 1451 3410 καθεῖνται,
1510 3331 1620 3396 καὶ
1682 3355 1834 3413 αχρι
1889 3333 2021 3397 τῶν
2078 3331 2308 3396 ποδῶν

182 3427 457 3511 ἐσχάτων
511 3437 952 3521 καταβέβηκεν
1010 3427 1045 3499 ὃ
1096 3427 1342 3510 άθλιος
1395 3431 1640 3514 χρυσὸς
1698 3425 1915 3509 άπαν,
1976 3433 2041 3498 εἴ
2078 3458 2148 3499 τι
2189 3436 2309 3499 τοῦ

184 3537 423 3619 σφυροῦ
464 3537 846 3620 γυμνοῦται,
893 3540 1372 3622 περισφίγγων.
1456 3528 1644 3612 αξιον
1689 3527 1751 3600 δ’
1803 3520 1882 3623 ἦν
1928 3533 2180 3619 σιδήρῳ
2224 3533 2309 3599 τὰ

185 3641 556 3753 περίσφυρα
629 3636 821 3723 σκέλη
889 3635 1350 3722 πεπεδῆσθαι.
1459 3629 1793 3702 κάπειδὰν
1870 3628 2087 3701 αὐτῶν
2153 3628 2310 3701 όλον

106 3733 249 3798 443τὸ
308 3740 498 3820 σῶμα
565 3737 778 3824 νόθης
843 3730 1216 3823 εὐμορφίας
1283 3735 1704 3815 ἐξαπατῶντι
1769 3735 1997 3803 κάλλει
2064 3736 2310 3819 διαμα-

185 3841 409 3926 γευθῇ,
475 3838 598 3918 τὰς
643 3833 1114 3922 ἀναισχύντους
1171 3838 1462 3924 παρειὰς
1518 3839 1993 3925 ἒρυθαίνουσιν
2052 3837 2313 3926 ἐπιχρί-

189 3958 355 4017 στοις
421 3941 724 4029 φύκεσιν,
799 3941 913 4008 ἵνα
978 3939 1095 4029 τὴν
1161 3936 1564 4027 ὗπέρλευκον
1641 3934 1859 4006 αὖτῶν
1923 3944 2033 4008 καὶ
2102 3945 2312 4007 πίονα

189 4041 399 4122 χροιὰν
452 4043 528 4110 τὸ
576 4045 967 4132 πορφυροῦν
1027 4037 1240 4120 ανθος
1299 4041 1710 4130 έπιφοινίξῃ.
1800 4048 1902 4110 42.
1963 4049 2067 4120 τίς
2112 4027 2227 4108 οῦν
2272 4039 2307 4108 o‘
2340 4044 2419 4101 4ιῆ
