2750 4534
481 257 564 316 36
1374 259 1746 314 ΛΟΥΚΙΑΝΟΥ

481 427 562 517 δὴ
593 427 748 495 τότε
779 421 920 513 ὥρα
963 429 1084 511 μὲν
1130 434 1401 497 σιωπᾶν
1438 430 1718 512 τάχιστα
1765 428 2039 498 ἀλκυόσι
2082 434 2193 497 καὶ
2236 431 2485 509 τέττιξι
2528 436 2639 498 καὶ

479 543 625 608 τοῖς
675 530 958 609 κύκνοις·
1021 527 1284 615 ἄμουσα
1341 531 1468 618 γὰρ
1512 528 1604 610 ὥς
1646 531 1822 616 πρὸς
1868 531 2117 621 ἐκείνην
2163 532 2458 600 ἅπαντα·
2516 525 2639 599 κᾶν

484 632 613 716 τὴν·
659 634 1039 712 Πανδίονος
1097 633 1322 720 ε’ίπῃς,
1396 632 1655 712 ἰδιῶτις
1719 627 1981 721 κάκείνη
2038 637 2148 701 καὶ
2208 629 2508 717 ἄτεχνος,
2580 635 2637 702 εἶ

383 742 456 797 14
485 738 595 802 καὶ
659 739 1000 824 πολυηχέα
1054 734 1175 821 τὴν
1233 735 1463 823 φωνὴν
1522 730 1823 824 ἀφίησιν.
1920 743 2017 804 14.
2062 729 2344 824 Ὀρφεὺς
2402 737 2475 804 δὲ
2528 741 2637 804 καὶ

479 831 819 924 Ἀμφίων,
891 839 1086 923 οἵπερ
1144 832 1648 924 ἐπαγωγότατοι
1716 837 2013 924 ἐγένοντο
2077 842 2211 905 τῶν
2274 832 2637 926 ἀκροατῶν,

483 935 575 1017 ὥς
612 942 723 1004 καὶ
755 940 837 1004 τὰ
871 935 1098 1025 ἀψυχα
1129 938 1673 1007 ἐπικαλέσασθαι
1704 938 1878 1026 πρὸς
1921 939 1995 1007 τὸ
2043 941 2260 1023 μέλος,
2310 934 2507 1008 αὐτοὶ
2536 936 2635 1021 ἄν,

481 1037 706 1122 οἶμαι,
781 1041 848 1107 εἴ
907 1067 980 1127 γε
1043 1038 1363 1128 ἤκουσαν,
1437 1041 1923 1121 καταλιπόντες
1998 1030 2079 1108 ὃν
2150 1041 2274 1120 τὰς
2344 1042 2638 1128 κιθάρας

483 1143 986 1229 παρεστήκεσαν
1043 1149 1272 1233 σιωπῇ
1329 1140 1773 1231 ἀκροώμενοι·
1832 1143 1905 1211 τὸ
1970 1143 2095 1231 γὰρ
2150 1148 2267 1233 τῆς
2308 1169 2383 1210 τε
2428 1140 2637 1230 ἆρμο-

484 1252 630 1322 νίας
689 1245 762 1313 τὸ
812 1241 1285 1331 ἀκριβέστατον
1331 1247 1843 1336 διαφυλάττειν,
1904 1243 1996 1324 ὥς
2052 1245 2141 1332 μὴ
2188 1252 2636 1332 παραβαίνειν

481 1373 548 1413 τι
593 1352 711 1414 τοῦ
759 1350 1051 1434 ῥυθμοῦ,
1081 1343 1261 1442 κᾶλλ’
1315 1347 1599 1436 εὐκαίρῳ
1643 1353 1727 1436 τῇ
1770 1344 1963 1432 ἄρσει
2008 1351 2119 1414 καὶ
2163 1353 2361 1416 θέσει
2406 1349 2637 1432 διαμε-

481 1453 861 1536 μετρῆσθαι
918 1449 996 1518 τὸ
1057 1445 1240 1540 ᾆσμα
1295 1454 1408 1517 καὶ
1470 1450 1765 1538 συνῳδὸν
1811 1446 1984 1517 εἶναι
2026 1449 2147 1538 τὴν
2188 1450 2485 1532 κιθάραν
2527 1455 2634 1517 καὶ

481 1548 867 1637 ὁμοχρονεῖν
924 1557 1005 1641 τῇ
1059 1554 1317 1640 γλώττῃ
1376 1551 1453 1619 τὸ
1512 1554 1879 1640 πλῆκτρον,
1936 1554 2047 1618 καὶ
2092 1551 2166 1618 τὸ
2216 1545 2463 1640 εῦαφὲς
2504 1557 2635 1618 τῶν

483 1653 819 1720 δακτύλων
875 1658 986 1722 καὶ
1036 1655 1112 1722 τὸ
1175 1653 1511 1738 εὐκαμπὲς
1563 1658 1697 1720 τῶν
1751 1655 1969 1738 μελῶν
2026 1654 2250 1720 πόθεν
2296 1644 2377 1722 ἂν
2421 1658 2633 1722 ταῦτα

481 1751 734 1842 ὑπῆρχε
776 1761 873 1843 τῷ
922 1761 1133 1846 Θρᾳκὶ
1181 1757 1409 1844 ἐκείνῳ
1454 1760 1562 1824 καὶ
1609 1761 1705 1843 τῷ
1752 1752 1875 1822 ἀνὰ
1923 1755 2038 1824 τὸν
2069 1760 2474 1840 Κιθαιρῶνα
2519 1783 2635 1841 με-

480 1858 642 1937 ταξὺ
715 1861 1141 1942 βουκολοῦντι
1213 1863 1324 1927 καὶ
1397 1858 1772 1943 κιθαρίζειν
1837 1860 2231 1942 μελετῶντι,·
2310 1850 2486 1926 ὥστε
2557 1856 2633 1946 ἤν

482 1985 681 2041 ποτε,
745 1948 796 2026 ὦ
846 1972 1126 2046 Λυκῖνε,
1183 1966 1293 2028 καὶ
1341 1956 1632 2050 ᾀδούσης
1689 1955 1928 2048 ἀκούῃς
1988 1954 2189 2047 αὐτῆς
2202 2013 2220 2042 ,
2282 1954 2504 2028 οὐκέτι
2558 1961 2631 2028 τὸ

479 2065 612 2127 τῶν
679 2063 1024 2148 Γοργόνων
1091 2063 1298 2130 ἐκεῖνο
1365 2063 1481 2150 ε’σῃ
1547 2060 1754 2146 μόνον
1820 2061 2223 2142 πεπονθώς,
2302 2064 2501 2140 λίθος
2569 2062 2705 2141 ἔξω

482 2157 854 2248 ἀνθρώπου
918 2165 1300 2251 γενόμενος,
1370 2159 1541 2230 ἀλλὰ
1606 2167 1715 2231 καὶ
1773 2163 1849 2230 τὸ
1908 2167 2043 2230 τῶν
2099 2163 2429 2250 Σειρηνων
2488 2166 2628 2251 είσῃ

481 2263 724 2334 ὁποῖόν
753 2293 819 2334 τι
851 2265 962 2355 ἠν·
1007 2267 1388 2356 παρεστήξῃ
1418 2265 1545 2354 γὰρ
1578 2253 1649 2334 ἐῦ
1694 2263 1848 2334 οἶδα
1841 2269 2339 2385 κεκηλημένος,
2387 2275 2631 2351 πατρί-

482 2368 598 2448 δος
631 2372 742 2435 καὶ
790 2370 1052 2437 οἰκείων
1097 2369 1615 2452 ἐπιλαθόμενος.
1688 2373 1798 2436 καὶ
1831 2359 1911 2456 ἢν
1940 2375 2117 2457 κηριῦ
2163 2368 2503 2456 ἐπιφράξῃ
2550 2369 2628 2435 τὰ

477 2495 651 2552 ωτα,
695 2475 807 2538 καὶ
857 2471 968 2539 δια
1012 2475 1130 2538 τοῦ
1173 2475 1375 2560 κηροῦ
1424 2472 1812 2538 διαδύσεταί
1858 2494 1969 2538 σοι
2010 2471 2085 2540 τὸ
2132 2474 2362 2554 μέλος·
2408 2476 2624 2539 τοιοῦ-

477 2573 594 2640 τόν
639 2599 706 2641 τι
753 2569 1055 2658 άκουσμά
1101 2571 1262 2655 εστι,
1319 2573 1737 2663 Τερψιχόρης
1778 2573 1963 2651 τινὸς
2007 2566 2049 2662 ἢ
2092 2565 2622 2662 Μελπομένης’“
2588 2601 2621 2661 η

478 2676 874 2764 Καλλιόπης
906 2670 1106 2764 αὐτῆς
1144 2675 1506 2759 παίδευμα,
1552 2681 1757 2761 μυρία
1799 2672 1884 2740 τὰ
1928 2677 2264 2762 θέλγητρα
2309 2678 2421 2742 καὶ
2466 2702 2621 2742 παν-

476 2790 628 2844 τοῖα
659 2777 726 2844 ἐν
771 2777 988 2864 ἑαυτῷ
1033 2777 1197 2859 ἕχον.
1271 2777 1374 2844 ἔνι’
1416 2803 1488 2844 τε
1532 2776 1706 2864 λόγῳ
1753 2775 2041 2844 συνελών
2086 2783 2296 2865 φαίην
2340 2773 2441 2857 ἄν,
2488 2804 2623 2845 τοι-

481 2877 684 2966 αύτης
725 2904 843 2962 μοι
885 2883 1003 2966 τῆς
1045 2873 1226 2966 ᾠδῆς
1272 2873 1533 2945 ἀκούειν
1577 2877 1830 2963 νόμιζε,
1879 2878 2029 2946 οἵαν
2075 2876 2250 2956 εἰκὸς
2294 2875 2471 2947 εἶναι
2513 2879 2622 2967 τὴν

479 2980 594 3047 διὰ
649 2982 970 3048 τοιούτων
1009 2983 1278 3062 χειλῶν,
1338 2975 1421 3048 δι’
1474 2978 1738 3047 ἐκείνων
1785 2980 1856 3046 δὲ
1899 2984 2033 3047 τῶν
2077 2974 2371 3048 ὀδόντων
2418 2981 2623 3062 ἐξιοῦ-

479 3105 622 3149 σαν.
697 3075 994 3170 ἑώρακας
1037 3083 1109 3150 δὲ
1141 3085 1252 3150 καὶ
1299 3077 1500 3161 αῦτὸς
1528 3075 1608 3172 ῆν
1644 3107 1837 3170 φημι,
1884 3075 2061 3150 ὥστε
2090 3081 2249 3172 [καὶ]
2282 3077 2627 3173 ἀκηκοέναι

377 3194 450 3250 15
479 3184 720 3269 νόμιζε.
801 3192 900 3252 15.
930 3184 1006 3252 τὸ
1039 3186 1160 3270 μὲν
1203 3184 1329 3270 γὰρ
1376 3178 1641 3271 ἀκριβὲς
1682 3188 1881 3251 τοῦτο
1922 3188 2043 3273 τῆς
2087 3188 2316 3274 φωνῆς
2357 3190 2469 3254 καὶ
2516 3213 2626 3254 κα-

477 3292 714 3373 θαρῶς
749 3282 1036 3356 Ἰωνικὸν
1077 3290 1189 3354 καὶ
1235 3285 1340 3354 ὅτι
1386 3282 1706 3373 ὁμιλῆσαι
1750 3287 2061 3375 στωμύλη
2106 3291 2217 3356 καὶ
2278 3287 2453 3355 πολὺ
2499 3293 2627 3356 τῶν

470 3383 792 3458 ’Λττικῶν
830 3396 1124 3475 χαρίτων
1170 3389 1409 3472 ἔχουσα
1455 3383 1608 3457 οὐδὲ
1654 3389 2025 3474 θαυμάζειν
2071 3385 2287 3468 ἄξιον·
2343 3391 2629 3476 πάτριον

475 3491 602 3577 γὰρ
664 3489 832 3580 αύτῇ
885 3495 998 3559 καὶ
1042 3492 1471 3578 προγονικόν,
1530 3485 1683 3558 οὐδὲ
1729 3487 1947 3570 ἄλλως
1992 3490 2182 3613 ἐχρῆν
2225 3497 2629 3575 μετέχουσαν

475 3597 608 3660 τῶν
638 3587 1028 3681 Ἀθηναίων
1071 3592 1240 3660 κατὰ
1284 3592 1404 3682 τὴν
1450 3587 1789 3660 ἀποικίαν.
1866 3588 2018 3660 οῦδὲ
2060 3592 2188 3680 γὰρ
2220 3588 2368 3660 οὐδ’
2420 3594 2703 3662 ἐκεῖνο474

477 3689 914 3780 θαυμάσαιμ’
955 3723 1055 3776 αν,
1102 3695 1162 3763 εἰ
1192 3698 1301 3762 καὶ
1334 3695 1609 3815 ποιήσει
1634 3701 1856 3778 χαίρει
1885 3697 1995 3762 καὶ
2040 3693 2125 3761 τὰ
2172 3693 2391 3762 πολλὰ
2422 3696 2628 3815 ταύτῃ

475 3793 701 3880 ὁμιλεῖ
738 3799 854 3864 τοῦ
879 3793 1163 3887 Ὁμήρου
1194 3800 1465 3875 πολῖτις
1504 3820 1692 3864 ουσα.
1763 3803 1888 3881 μία
1932 3797 2052 3882 μὲν
2098 3797 2177 3884 δή
2224 3821 2352 3879 σοι,
2398 3827 2453 3863 ω
2484 3807 2630 3866 Λυ·

475 3913 646 3980 κῖνε,
704 3901 1159 3987 καλλιφωνίας
1217 3892 1382 3988 αύτη
1428 3901 1540 3965 καὶ
1585 3893 1761 3985 ᾠδῆς
1806 3899 2027 3980 εἰκών,
2086 3895 2179 3978 ὥς
2237 3925 2319 3965 αν
2360 3925 2467 3978 τις
2514 3900 2628 3967 ἐπὶ

472 3998 554 4066 τὸ
585 4000 862 4067 ἔλαττον
893 4001 1196 4069 εἰκάσειε.
1273 3999 1514 4068 σκόπει
1547 4000 1619 4066 δὲ
1651 3999 1728 4085 δὴ
1773 4003 1884 4067 καὶ
1928 3998 2052 4078 τὰς
2096 3996 2333 4080 ἄλλας·
2380 3994 2456 4068 οῦ
2502 4001 2630 4088 γὰρ
