2750 4534
962 272 998 324 Z
1006 272 1041 323 E
1049 272 1125 324 ΥΣ
1159 272 1534 327 ΤΡΑΓΩιΔΟΣ.
2187 277 2219 333 1
2230 277 2262 334 1
2274 278 2305 335 1

142 438 393 520 ἔχοντα
424 429 543 505 κᾶν
581 438 667 505 τὰ
713 439 960 506 εἴδωλα
1007 441 1381 528 φοβήσεται
1422 445 1557 509 τῶν
1599 437 1720 509 ὑπ’
1773 442 1932 527 ἐμοῦ
1979 470 2311 532 πεφονευ-

139 545 372 623 μένων
419 545 704 627 θηρίων.

326 648 581 709 ΖΕΥΣ.
644 629 736 709 Εὖ
779 668 882 728 γε,
932 643 1205 711 οίκοθεν
1257 640 1293 711 5
1340 644 1611 730 μάρτυς,
1660 653 1899 735 φησίν·
1948 643 2312 728 ἂπέσωσάς

28 738 212 829 681γ’
270 770 358 810 αν
405 730 520 811 οὖν
571 770 664 831 τῳ
711 744 972 828 Δάμιδι
1015 750 1225 839 ταῦτα
1271 746 1488 813 εἰπεῖν
1532 745 1913 833 ὑποβαλών.
1989 756 2089 819 33.
2139 746 2306 819 ἀλλὰ
2334 762 2411 818 83

137 853 253 925 τίς
316 842 350 913 5
414 846 679 934 σπουδῇ
734 846 1039 933 προσιὼν
1095 842 1318 929 οὗτος,
1387 848 1421 915 5
1474 851 1785 933 χαλκοῦς,
1845 847 1881 920 5
1940 877 2311 939 ευγραμμος

141 952 268 1017 καὶ
331 942 894 1036 εὖπερίγραπτος,
953 946 987 1017 5
1038 944 1310 1036 ἀρχαῖος
1366 950 1485 1040 τὴν
1545 947 1857 1021 ἀνάδεσιν
1910 957 2028 1044 τῆς
2070 956 2310 1046 κόμης,·

138 1051 412 1135 μᾶλλον
459 1051 530 1117 δὲ
576 1047 610 1117 5
661 1050 795 1132 σός,
843 1050 894 1115 ῶ
937 1047 1152 1137 (Ερμῆ,
1202 1046 1494 1171 ἆδελφός
1540 1052 1753 1135 ἐστιν,
1794 1051 1829 1121 5
1878 1054 2224 1142 ἀγοραῖος,
2269 1056 2305 1126 5

142 1151 341 1236 παρὰ
403 1150 522 1241 τὴν
568 1155 927 1241 Ποικίλην·
985 1160 1230 1241 πίττης
1285 1159 1443 1241 γοῦν
1502 1149 2021 1246 ἀναπέπλησται
2063 1156 2309 1259 ὁσημέ-

142 1280 269 1338 ραι
328 1253 813 1338 εκματτόμενος
857 1251 991 1321 ὑπὸ
1040 1260 1174 1322 τῶν
1221 1250 1817 1342 ἀνδριαντοποιῶν.
1904 1266 2004 1341 τί,
2060 1260 2113 1327 ῶ
2160 1278 2307 1344 παῖ,

141 1358 480 1444 δρομαῖος
535 1353 693 1445 ἡμῖν
741 1350 1018 1445 ἆφῖξαι;
1072 1344 1115 1447 ἦ
1161 1359 1293 1425 πού
1337 1386 1406 1426 τι
1452 1358 1519 1426 ἐκ
1560 1364 1678 1446 γῆς
1722 1360 2042 1448 νεώτερον
2088 1358 2309 1451 ἆπαγ-

138 1461 442 1542 γέλλεις,·

324 1565 926 1629 ΕΡΜΑΓΟΡΑΣ.
995 1558 1391 1649 εΥπέρμεγα,
1446 1550 1499 1629 ῶ
1544 1568 1707 1652 Ζεῦ,
1752 1570 1863 1634 καὶ
1906 1574 2148 1654 μυρίας
2190 1573 2307 1659 τῆς

141 1664 457 1751 σπουδῆς
501 1658 832 1747 δεόμενον.

319 1770 575 1831 ΖΕΥΣ.
632 1765 818 1851 Λέγε
860 1759 1006 1855 ἤδη,
1055 1766 1122 1831 εἴ
1159 1792 1226 1833 τι
1268 1768 1381 1833 καὶ
1428 1760 1591 1832 ἄλλο
1635 1762 1811 1852 ἡμᾶς
1856 1766 2305 1856 ἐπανιστάμε-

141 1893 261 1934 νον
308 1868 618 1954 λέληθεν.

322 1971 673 2034 ΕΡΜΑΓ.
711 1962 1093 2054 Ἐτύγχανον
1134 1970 1256 2052 μὲν
1301 1964 1457 2056 ἄρτι
1494 1972 1913 2058 χαλκουργῶν
1956 1967 2091 2042 ῧπο

409 2069 853 2153 πιττούμενος
896 2075 1168 2158 στέρνον
1213 2096 1288 2138 τε
1329 2075 1441 2139 καὶ
1486 2073 1932 2161 μετάφρενον·

42 2185 124 2235 682
411 2172 653 2256 θώραξ
693 2171 766 2237 δέ
807 2199 926 2257 μοι
969 2174 1229 2259 γελοῖος
1273 2167 1451 2262 ἀμφὶ
1498 2176 1759 2260 σώματι

409 2278 751 2353 πλασθεὶς
797 2276 1198 2363 παρῃώρητο
1243 2278 1499 2365 μιμηλῇ
1543 2284 1731 2366 τέχνῃ

411 2376 751 2464 σφραγῖδα
788 2379 1034 2459 χαλκοῦ
1079 2382 1309 2445 πᾶσαν
1355 2378 1869 2463 ἐκτυπούμενος·

409 2478 546 2564 ὃρῶ
593 2473 660 2545 δ’
710 2475 904 2561 ὄχλον
951 2486 1296 2564 στείχοντα
1338 2487 1455 2548 καί
1496 2508 1684 2561 τινας
1730 2482 1847 2549 δύο

411 2579 662 2667 ὠχροὺς
704 2581 1080 2667 κεκράκτας,
1127 2582 1516 2669 πυγμάχους
1560 2584 2018 2672 σοφισμάτων,

404 2686 632 2767 Δᾶμίν
674 2709 749 2751 τε
790 2687 899 2751 καὶ
949 2721 1028 2732 -

319 2791 572 2852 ΖΕΥΣ.
627 2789 836 2867 Παῦε,
882 2772 938 2851 ῶ
975 2785 1342 2874 Ἑρμαγόρα
1384 2790 1705 2873 βέλτιστε,
1756 2788 2103 2873 ἱαμβίζων·
2148 2786 2301 2857 οἶδα

136 2891 266 2977 γὰρ
319 2882 633 2966 οὕστινας
684 2891 912 2974 λέγεις.
1004 2883 1155 2955 ἀλλ’
1209 2889 1415 2959 ἐκεῖνό
1461 2916 1580 2975 μοι
1626 2890 1921 2980 φράσον,
1980 2891 2039 2959 εἰ
2083 2893 2301 2962 πάλαι

141 2994 600 3079 ξυγκροτεῖται
647 2986 876 3069 αὐτοῖς
919 2987 958 3077 ἡ
1010 2991 1166 3076 ἔρις.

319 3097 665 3159 ΕΡΜΛΓ.
744 3087 1063 3176 Οὐδέπω,
1111 3086 1259 3159 ἀλλ’
1313 3094 1381 3161 ἐν
1428 3088 1942 3181 ἆκροβολισμοῖς
1988 3097 2088 3165 ἔτι
2129 3083 2299 3186 ἦσαν

140 3191 788 3283 ἀποσφενδονῶντες
856 3193 1169 3281 ἀλλήλοις
1234 3194 1599 3283 πόρρωθέν
1666 3202 1890 3264 ποθεν
1955 3198 2298 3283 λοιδορού-

137 3322 357 3382 μενοι.

316 3402 569 3463 ΖΕΥΣ.
667 3402 753 3464 Τί
811 3422 926 3463 ουν
979 3398 1079 3464 ε’τι
1127 3396 1248 3483 χρὴ
1310 3412 1533 3465 ποιεῖν
1594 3398 1865 3485 λοιπόν,
1922 3385 1978 3463 ῶ
2021 3406 2201 3481 θεοί,
2256 3398 2298 3488 ἢ

140 3495 535 3586 ἀκροᾶσθαι
595 3498 1060 3585 ἐπικύψαντας
1118 3494 1370 3583 αυτῶν,·
1436 3494 1609 3568 ὥστε
1638 3495 2167 3623 ἀφαιρείτωσαν
2224 3501 2299 3567 αἱ

127 3598 328 3690 Ὧραι
371 3602 490 3669 τὸν
531 3600 779 3685 μοχλον
823 3598 946 3690 η’δη
992 3606 1104 3669 καὶ
1149 3596 1535 3688 ἀπάγουσαι
1578 3602 1661 3669 τὰ
1708 3608 1872 3691 νέφη
1919 3600 2297 3670 ἀναπεταν-

139 3706 446 3772 νύτωσαν
511 3727 632 3782 τας
696 3702 918 3780 πύλας
971 3708 1091 3770 τοῦ
1147 3698 1447 3791 ούρανοῦ.
1537 3710 1638 3771 34.
1688 3700 2064 3791 (Ηράκλεις,
2134 3697 2294 3772 όσον
2322 3719 2399 3775 84

51 3807 213 3876 683τὸ
249 3809 527 3896 πλῆθος
571 3804 688 3873 επὶ
732 3804 852 3892 τὴν
899 3799 1218 3893 ἆκρόασιν
1250 3801 1727 3894 ἀπηντήκασιν.
1774 3803 1809 3874 5
1859 3808 1931 3874 δὲ
1969 3809 2298 3895 Τιμοκλῆς

141 3903 346 3988 αὗτὸς
405 3902 482 3975 οὗ
541 3907 719 3975 πάνυ
774 3934 894 3992 μοι
955 3902 1216 3995 ἀρέσκει
1273 3905 1667 3996 ὑποτρέμων
1722 3912 1835 3978 καὶ
1887 3910 2296 3995 ταραττόμε-

143 4031 289 4091 νος·
336 4010 590 4079 ἀπολεῖ
619 4004 890 4077 ὅὲπαντα
921 4004 1115 4089 οὗτος
1152 4011 1467 4098 τήμερον·
1517 4011 1716 4101 δῆλος
1744 4017 1900 4098 γοῦν
1932 4011 2110 4081 ἐστιν
2145 4008 2289 4081 οὐδ’
