2750 4534
444 262 567 321 186
727 343 729 345 v
1130 264 1512 319 Annona-10
1549 266 1822 321 cmm.

654 437 925 519 ἔμμετρα
966 440 1157 498 solum
1201 439 1279 497 ad
1306 442 1518 514 poesin
1562 426 1879 515 referenda
1919 444 2073 499 sunt.
2161 440 2316 500 Nam
2360 442 2606 515 poetico

654 556 927 601 sermone
973 558 1106 600 eum
1150 542 1253 620 uti,
1298 558 1456 616 quae
1485 545 1813 617 sequuntur
1842 559 1896 602 c.
1924 546 2025 619 31,
2071 542 2212 601 satis
2242 542 2480 602 docent.
2513 579 2602 587 —-

657 637 748 716 ὡς
791 690 804 704 .
854 690 869 705 .
920 683 937 701 .
976 649 1372 722 χρησμοῦ,
1427 693 1440 706 .
1491 694 1504 707 .
1556 694 1568 707 .
1621 640 1890 723 φοβερά.
1980 643 2116 703 Del.
2177 661 2406 704 comma.
2462 650 2607 721 post

651 749 942 823 χρησμοῦ
997 743 1311 805 Schwartz.
1381 779 1468 789 —
1525 743 1563 827 ἣ
1627 740 1795 827 χρόα
1865 747 2257 827 τετραμμένη
2325 751 2466 809 καὶ
2533 751 2602 810 οἱ

658 842 989 922 ὀφθαλμοὶ
1054 852 1413 928 περιφερεῖς
1479 852 1611 910 καὶ
1673 843 1841 929 κόμη
1905 845 2398 929 ἀνασοβουμένη
2464 854 2603 912 καὶ

656 953 891 1027 κίνημα
942 952 1456 1028 κορυβαντιῶδες
1489 945 1512 1031 ΙΙ
1545 953 1608 1014 οἱ
1653 947 1988 1028 ὀφθαλμοὶ
2033 951 2171 1026 (om.
2215 956 2322 1013 καὶ
2368 945 2600 1030 orm),

657 1041 703 1129 ἦ
758 1048 977 1125 (det.)
1028 1048 1194 1132 κόμη
1248 1054 1391 1123 (om.
1437 1057 1546 1115 καὶ
1589 1046 1712 1111 ΩΓ
1741 1052 1928 1129 Mat.)¹
1964 1048 2042 1116 τὸ
2099 1051 2312 1129 (det.)
2359 1060 2601 1135 κίνημα

658 1154 795 1226 (οιιι.
826 1157 933 1216 καὶ
962 1147 1085 1213 ΩΓ
1114 1154 1305 1232 Mum),
1351 1160 1460 1217 καὶ
1505 1150 1677 1231 ὅλως
1721 1174 1954 1217 omnem
1997 1156 2256 1231 denique
2300 1158 2599 1232 Apollinis

654 1252 879 1313 fatidici
922 1254 1185 1316 habitum
1230 1257 1651 1332 complectens.

444 1374 497 1415 c.
528 1360 627 1416 31.
660 1352 1032 1437 ἑρμηνεύοις
1076 1354 1160 1420 ἂν
1204 1353 1457 1421 αὐτὸν
1503 1354 1542 1422 ὅ
1583 1384 1644 1422 τι
1687 1364 1794 1421 καὶ
1839 1360 2004 1437 λέγει
2039 1358 2058 1435 ss
2091 1354 2252 1422 αὐτὸ
2297 1358 2460 1422 det.
2516 1392 2603 1403 —-

655 1454 931 1540 ἣμᾶςΙΙ
994 1456 1201 1535 ὑμᾶς
1265 1455 1441 1523 9911*
1498 1461 1642 1521 Mut.
1709 1466 1806 1523 76.
1875 1494 1957 1505 -
2030 1456 2193 1525 ὅσον
2257 1459 2602 1542 άκρίδος

657 1558 773 1625 τὸν
818 1568 983 1625 νοῦν
1043 1561 1381 1641 ἔχοντος
1433 1559 1456 1644 ΙΙ
1511 1568 1576 1627 αἱ
1619 1560 1948 1646 άκρίδες
1991 1557 2118 1638 (ΑΓ
2146 1564 2430 1640 Mun-16)
2477 1615 2490 1629 .
2526 1615 2540 1627 .
2580 1614 2596 1627 .

659 1663 1008 1742 ἔχοντας

446 1783 496 1823 c.
527 1768 625 1823 32.
660 1767 1093 1841 ξυναπολέσαι
1124 1765 1219 1829 ἑνὶ
1248 1774 1522 1851 πονηρῷ
1548 1762 2006 1843 τοσούτους
2037 1764 2062 1849 ΙΙ
2091 1772 2253 1829 reete
2295 1768 2601 1829 Schwartz

658 1866 821 1927 addit
866 1864 1282 1949 χρηστούς.
1346 1900 1432 1913 -
1491 1866 1528 1932 ὃ
1585 1866 1968 1954 κωμῳδὸς
2011 1866 2035 1952 ΙΙ
2077 1867 2429 1946 κωμικός
2473 1865 2598 1929 ΩΓ

657 1970 799 2028 Mut.
824 2002 903 2012 —
928 1964 1009 2033 τὰ
1036 1966 1377 2052 ἡμέτερα
1411 1967 1436 2053 ΙΙ
1467 1969 1812 2052 ὑμέτερα
1841 1965 1964 2034 021
1985 1974 2130 2033 Mat.
2159 1976 2256 2032 76.
2305 2006 2368 2015 -
2394 1970 2601 2035 ὑπο-

656 2066 987 2147 βάλλων
1040 2067 1064 2151 ΙΙ
1118 2068 1563 2150 ὑποβαλών
1630 2072 1953 2137 Schwartz.
2017 2108 2102 2120 --
2165 2070 2449 2139 δυνατὸν
2514 2071 2598 2156 ἦν

661 2173 817 2248 ἴσως
858 2164 939 2236 ἄν
982 2197 1043 2236 τι
1088 2179 1217 2237 καὶ
1262 2179 1505 2256 πρᾶξαι
1537 2171 1560 2257 ΙΙ
1593 2173 1876 2240 δυνατὸν
1927 2180 2083 2254 ἴσως
2123 2171 2207 2259 ἦν
2251 2202 2310 2240 τι
2355 2182 2600 2259 πρᾶξαι

656 2275 798 2350 (seo.
835 2271 939 2339 211*
976 2278 1076 2353 76)
1121 2296 1237 2338 om.
1283 2273 1366 2341 ἄν
1397 2283 1458 2339 et
1485 2283 1613 2341 καὶ.
1659 2314 1744 2325 -—
1787 2280 1852 2355 ἐς
1893 2274 2010 2343 τὸν
2055 2275 2216 2362 ᾅδην
2260 2271 2538 2355 ἄπειμι
2583 2276 2606 2362 ΙΙ

651 2374 979 2454 κάτειμι
1023 2379 1087 2455 ἐς
1130 2404 1181 2443 τ.
1234 2376 1273 2443 ἆ
1320 2374 1443 2438 ΩΓ
1467 2383 1611 2441 Mut.

442 2498 493 2539 c.
524 2484 621 2540 33.
658 2475 1125 2557 ἐκματτόμενος
1168 2479 1234 2560 li?
1279 2478 2034 2562 περιπλαττόμενος
2077 2482 2343 2559 Seyffert.
2393 2483 2602 2545 Schol.

656 2579 705 2643 Γ
740 2590 815 2645 76
860 2586 945 2659 (in
987 2586 1150 2658 ras..)

442 2706 493 2747 c.
523 2692 621 2747 34.
654 2692 846 2767 δῆλος
888 2694 1054 2765 γοῦν
1086 2688 1259 2750 ἐστιν
1305 2709 1427 2750 οτι
1471 2684 1628 2751 οὐδ’
1659 2682 2072 2765 αντάψασθαι
2111 2694 2206 2773 τῷ
2233 2682 2462 2763 Δάμιδι
2493 2692 2605 2752 δυ-

652 2785 1007 2869 νησόμενος
1050 2787 1073 2867 11
1117 2808 1231 2850 om.
1277 2784 1407 2853 ὅτι
1453 2787 1614 2853 det.
1650 2783 1827 2852 mxl*
1856 2792 2000 2850 Μαι.
2045 2822 2128 2835 --
2175 2786 2250 2853 σὺ
2305 2785 2604 2871 πρότε-

654 2914 802 2969 ρον
834 2886 857 2971 ΙΙ
889 2885 1243 2971 πρότερος
1288 2888 1339 2952 ss
1384 2889 1700 2956 Schwartz.

442 3011 493 3051 c.
525 2996 623 3052 35.
652 2995 808 3072 μηδὲ
852 3006 1163 3072 προνοεῖν
1208 2988 1669 3073 ἀνθρώπων
1701 2991 1725 3072 ss
1763 2999 1926 3056 τῶν
1969 2990 2116 3057 ἄνθ.
2164 2987 2288 3053 QZ
2323 2996 2420 3052 76.

333 3099 343 3106 ’
442 3113 494 3154 c.
523 3099 621 3155 36.
653 3090 866 3164 πάντα
897 3098 962 3157 δὲ
992 3099 1127 3176 εἰκῆ
1158 3097 1416 3176 φέρεται
1447 3093 1489 3158 α’
1501 3103 1539 3158 λ
1558 3091 1714 3180 όγῳ
1757 3103 1972 3178 φορᾷ
2003 3092 2026 3177 ΙΙ
2059 3091 2181 3178 [ἄλ.
2217 3088 2395 3177 φορ.]
2430 3100 2600 3155 recte

652 3197 822 3257 abest
864 3216 901 3255 a
946 3196 1093 3257 odd.
1138 3191 1259 3256 ΩΓ
1289 3198 1434 3258 Mut.
1459 3197 1538 3273 (1²)
1585 3201 1678 3258 est
1719 3200 1874 3259 enim
1917 3196 2228 3260 manifesto
2283 3196 2360 3255 ad
2403 3198 2604 3273 expli-

654 3299 902 3359 candum
932 3297 1153 3379 ,,εἰκῆ“
1197 3299 1548 3375 adpositum.

442 3421 495 3462 c.
524 3407 623 3462 37.
656 3399 937 3482 ἄγοιεν
983 3399 1001 3481 ss
1048 3398 1347 3481 α’γάγοιεν
1394 3396 1570 3463 0211*
1613 3404 1757 3462 Mat.
1795 3406 1892 3461 76.
1930 3434 2014 3445 ——
2041 3396 2365 3482 ἠδύναντο
2397 3394 2423 3481 ΙΙ
2456 3396 2599 3462 ἐδύ-

652 3528 853 3569 ναντο
900 3498 1025 3565 (221
1053 3506 1195 3564 Mat.
1229 3509 1322 3568 76.
1372 3538 1456 3549 —-
1503 3501 2074 3583 αὐτεπαγγέλτοις
2115 3502 2139 3585 ΙΙ
2183 3501 2600 3581 άνεπαγγὲλ-

652 3630 790 3682 τοις
844 3600 914 3664 Ω
954 3607 1098 3665 Mut.
1155 3622 1321 3679 „non
1378 3603 1658 3667 invitati“
1701 3602 2236 3684 (άνεπαγγὲλτους
2280 3598 2374 3678 Γ).

442 3728 493 3768 c.
522 3712 617 3769 38.
642 3704 723 3771 ‘H
770 3704 948 3784 τάξις
1002 3710 1146 3782 μὲν
1203 3758 1216 3771 .
1268 3758 1282 3771 .
1335 3758 1348 3771 .
1412 3708 1656 3771 ἔπεισεν
1711 3704 1734 3789 ΙΙ
1785 3730 1876 3783 με
1919 3701 2042 3766 ΩΓ
2070 3708 2214 3766 Mut.
2252 3710 2350 3766 76.
2399 3738 2476 3749 —-
2553 3695 2596 3765 ὃ

652 3807 832 3891 ἥλιος
876 3807 900 3891 ΙΙ
946 3828 1074 3870 om.
1132 3801 1175 3870 ὁ
1228 3806 1297 3870 Ω
1328 3812 1473 3871 Mat.
1531 3844 1616 3856 --
1672 3814 1803 3873 καὶ
1860 3810 2223 3892 οἰομένῳ
2283 3804 2418 3890 §zu
2474 3827 2590 3869 om.

653 3918 783 3976 καὶ
827 3906 1004 3975 mu*
1032 3914 1176 3972 Mat.

441 4036 489 4076 c.
521 4021 619 4077 39.
648 4011 884 4091 μύθοις
928 4021 1372 4094 κατηχοῦσι
1405 4010 1427 4095 ΙΙ
1461 4016 1892 4093 κατέχουσι
1937 4008 2060 4085 ΩΓ
2089 4014 2233 4072 Mut.
2281 4046 2365 4057 --
2409 4036 2595 4094 ποιη-
