2750 4534
457 249 537 308 38
1351 253 1723 307 ΛΟΥΚΙΛΝΟΤ

453 445 603 508 φον.
690 419 811 510 τὴν
858 421 930 488 δὲ
975 419 1045 488 ἐκ
1088 425 1205 510 τῆς
1237 417 1549 508 Μιλήτου
1596 422 1845 511 ἐκείνην
1875 417 2273 504 Ἀσπασίαν,
2320 417 2363 511 ᾗ
2406 428 2517 492 καὶ
2564 419 2601 490 ό

445 521 810 608 Ὀλύμπιος
873 524 1445 609 ’θαυμασιώτατός
1500 550 1573 611 γε
1642 519 1841 604 αὐτὸς
1907 529 2136 613 συνῆν,
2206 520 2283 592 οὗ
2348 530 2603 614 φαῦλον

453 630 776 704 συνέσεως
865 626 1295 713 παράδειγμα
1382 632 1828 712 προθέμενοι,
1919 623 2180 694 ὁπόσον
2258 625 2604 715 ἐμπειρίας

450 727 863 813 πραγμάτων
917 731 1030 795 καὶ
1085 722 1399 818 ὀξύτητος
1457 728 1523 806 ἐς
1579 728 1663 795 τὰ
1722 729 2037 798 πολιτικὰ
2094 734 2205 798 καὶ
2266 725 2603 818 ἀγχινοίας
2620 747 2686 795 477

447 834 560 897 καὶ
616 829 1012 916 δριμύτητος
1069 828 1278 918 ἐκείνῃ
1325 835 1616 919 προσῆν,
1672 842 1869 900 τοῦτο
1916 837 2056 899 πᾶν
2114 831 2229 900 ἐπὶ
2274 831 2395 919 τὴν
2438 830 2600 922 ἡμε-

449 937 648 1016 τέραν
715 930 938 998 εἰκόνα
1001 933 1474 1019 μεταγάγωμεν
1542 926 1803 1019 ἇκριβεῖ
1865 939 1949 1024 τῇ
2016 935 2323 1024 στάθμῃ·
2425 935 2600 1024 πλὴν

451 1026 611 1100 ὅσον
667 1033 874 1121 ἐκείνη
932 1034 1054 1118 μὲν
1111 1034 1178 1100 ἐν
1233 1039 1449 1121 μικρῷ
1500 1042 1791 1123 πινακίῳ
1852 1035 2245 1124 ἐγέγραπτο,
2306 1036 2471 1126 αὕτη
2529 1039 2599 1104 δὲ

353 1129 356 1132 ’
449 1136 847 1202 κολοσσιαία
892 1133 966 1202 τὸ
1013 1137 1304 1223 μέγεθός
1349 1136 1511 1206 ἐστι.

618 1246 840 1305 AYK.
929 1242 1095 1318 Πῶς
1135 1243 1334 1307 τοῦτο
1382 1239 1546 1329 φής,·

618 1345 854 1408 ΠΟΛ.
927 1334 1097 1424 ’,Οτι
1143 1328 1197 1408 αἳ
1243 1351 1530 1424 Λυκῖνε,
1579 1335 1695 1410 οὐκ
1741 1342 2164 1430 ἰσομεγέθεις
2209 1341 2384 1412 εἶναί
2428 1371 2599 1431 φημι

449 1441 572 1520 τὰς
617 1441 877 1520 εἰκόνας
920 1440 1161 1527 ὁμοίας
1206 1440 1442 1522 ούσας·
1490 1439 1565 1511 οὗ
1610 1469 1737 1532 γαρ
1782 1446 1931 1513 ἰ’σον
1977 1439 2131 1512 οὐδὲ
2174 1445 2360 1532 ἐγγὺς
2384 1441 2597 1536 Ἀθη-

451 1551 656 1612 ναίων
716 1543 756 1633 ἡ
814 1545 970 1613 τότε
1034 1549 1347 1614 πολιτεία
1413 1549 1523 1613 καὶ
1588 1542 1627 1635 ἡ
1695 1550 2009 1634 παροῦσα
2072 1551 2203 1614 τῶν
2262 1545 2598 1632 Ῥωμαίων

450 1645 746 1730 δύναμις.
837 1639 1010 1713 ὥστε
1072 1646 1132 1714 εἰ
1187 1650 1300 1715 καὶ
1357 1651 1442 1735 τῇ
1501 1644 1850 1736 ὁμοιότητι
1906 1648 1945 1738 ἡ
2011 1643 2204 1736 αὐτή,
2274 1642 2445 1716 ἀλλὰ
2504 1655 2595 1736 ,τῷ

447 1753 723 1834 μεγέθει
764 1775 839 1835 γε
877 1743 1165 1834 άμείνων
1211 1742 1374 1837 αῧτη
1422 1746 1515 1829 ὥς
1562 1741 1641 1816 ἂν
1688 1751 1799 1818 ἐπὶ
1847 1751 2273 1818 πλατυτάτου
2317 1758 2598 1829 πίνακος

345 1861 419 1916 18
448 1855 1048 1939 καταγεγραμμένη.
1142 1857 1240 1919 18.
1301 1846 1605 1938 δεύτερον
1643 1853 1716 1920 δὲ
1758 1857 1869 1922 καὶ
1898 1861 2125 1940 τρίτον
2170 1853 2597 1941 παράδειγμα

454 1952 688 2019 Θεανώ
717 1977 792 2018 τε
823 1951 1033 2042 ἐκείνη
1065 1960 1176 2021 καὶ
1203 1949 1244 2043 ἡ
1276 1959 1551 2039 Λεσβία
1594 1955 1962 2038 μελοποιὸς
1996 1960 2107 2022 καὶ
2137 1962 2435 2040 Διοτίμα
2484 1955 2594 2023 ἐπὶ

445 2053 740 2135 ταύταις,
793 2050 831 2140 ἡ
879 2056 1000 2139 μὲν
1044 2054 1118 2123 τὸ
1165 2055 1571 2141 μεγαλόνουν
1613 2052 1653 2146 ἦ
1703 2056 1936 2124 Θεανώ
1982 2059 2485 2146 συμβαλλομένη
2533 2058 2596 2136 ἐς

446 2156 566 2246 τὴν
609 2157 889 2246 γραφήν,
935 2153 974 2245 ἡ
1008 2157 1274 2247 Σαπφώ
1323 2159 1397 2226 δὲ
1437 2157 1512 2226 τὸ
1560 2158 1901 2284 γλαφυρὸν
1942 2164 2060 2248 τῆς
2104 2166 2592 2246 προαιρέσεως·
2609 2172 2676 2223 4ῑὸ

443 2263 530 2347 τῇ
574 2265 871 2347 Διοτίμᾳ
917 2260 990 2326 δὲ
1035 2254 1148 2343 οὖχ
1195 2259 1236 2325 ἃ
1289 2261 1643 2348 Σωκράτης
1688 2259 2005 2348 ἐπῄνεσεν
2070 2256 2291 2353 αυτήν,
2342 2264 2592 2332 ἐοικυῖα

448 2361 638 2428 ε’σται
665 2364 889 2446 μόνον,
939 2355 1106 2428 ἀλλὰ
1142 2365 1253 2430 καὶ
1296 2361 1417 2448 τὴν
1462 2358 1667 2450 αλλην
1713 2363 1977 2432 σύνεσίν
2022 2390 2095 2431 τε
2140 2369 2251 2432 καὶ
2300 2372 2593 2450 συμβου-

445 2463 613 2529 λίαν.
699 2463 979 2550 τοιαύτη
1014 2487 1124 2530 σοι
1151 2467 1264 2531 καὶ
1297 2457 1479 2564 αύτη,
1513 2472 1785 2546 Λυκῖνε,
1836 2459 2221 2533 ἀνακείσθω
2262 2465 2343 2557 [ἡ]
2379 2467 2592 2534 εἰκών.

340 2571 414 2628 19
622 2571 716 2634 19.
754 2572 976 2633 AYK.
1039 2564 1145 2653 Νὴ
1173 2559 1320 2646 Δί’,
1369 2563 1422 2630 a}
1470 2565 1924 2652 Πολύστρατε,
1969 2568 2359 2653 θαυμάσιος
2404 2594 2591 2637 ουσα.

444 2689 524 2732 συ
573 2667 644 2734 δὲ
691 2663 896 2746 ἂλλας
938 2665 1220 2756 γράφου.

613 2772 844 2836 ΠΟΛ.
942 2769 1078 2848 Τὰς
1133 2773 1251 2859 τῆς
1287 2771 1749 2860 χρηστότητος,
1798 2801 1848 2836 ω
1896 2770 2152 2858 ἑταῖρε,
2196 2775 2306 2840 καὶ
2354 2781 2596 2862 φιλαν-

440 2877 796 2955 θρωπίας,
855 2870 894 2961 ἣ
952 2898 1027 2938 το
1087 2898 1328 2960 ημερον
1390 2872 1703 2961 ἐμφανιεῖ
1757 2877 1876 2940 τοῦ
1933 2874 2191 2961 τρόπου
2247 2878 2359 2942 καὶ
2423 2877 2595 2962 πρὸς

438 2973 594 3051 τοὺς
639 2974 990 3058 δεομένους
1019 2979 1368 3063 προσηνές.
1461 2975 1762 3042 εἰκάσθω
1810 2962 1925 3043 οὖν
1967 2979 2081 3044 καὶ
2125 2971 2290 3063 αυτὴ
2346 2983 2599 3047 Θεανοῖ

437 3101 512 3142 τε
568 3075 778 3164 ἐκείνῃ
837 3080 920 3165 τῇ
969 3071 1364 3162 Ἀντήνορος
1420 3081 1530 3143 καὶ
1586 3081 1669 3165 τῇ
1717 3073 1964 3168 Ἀρήτῃ
2010 3082 2123 3146 καὶ
2167 3083 2248 3168 τῇ
2306 3086 2595 3167 θυγατρὶ

442 3173 644 3268 αὐτῆς
698 3183 781 3267 τῇ
826 3179 1212 3267 Ναυσικάᾳ,
1272 3181 1386 3246 καὶ
1434 3180 1499 3246 εἲ
1536 3206 1641 3259 τις
1696 3177 1860 3270 ἄλλη
1922 3180 1990 3249 ἐν
2044 3187 2320 3270 μεγέθει
2378 3211 2597 3270 πραγ-

333 3278 667 3362 2ομάτων
725 3277 1156 3364 ἐσωφρόνησε
1210 3277 1386 3363 πρός
1441 3277 1561 3364 τὴν
1615 3277 1831 3366 τύχην.
1922 3286 2025 3348 20.
2086 3279 2235 3370 ἑξῆς
2293 3280 2367 3347 δὲ
2422 3284 2594 3366 μετὰ

436 3379 682 3468 ταύτην
726 3375 916 3465 ἡτῆς
960 3374 1400 3467 σωφροσύνης
1444 3373 1647 3470 αὐτῆς
1688 3381 2056 3469 γεγράφθω
2100 3385 2211 3449 καὶ
2256 3386 2375 3470 τῆς
2420 3384 2598 3470 πρὸς

437 3481 555 3548 τὸν
611 3481 892 3548 συνόντα
951 3474 1241 3562 εὐνοίας,
1297 3477 1388 3559 ὡς
1443 3481 1611 3548 κατὰ
1656 3481 1777 3568 τὴν
1819 3487 1938 3549 τοῦ
1974 3477 2253 3568 Ἰκαρίου
2297 3484 2596 3568 μάλιστα

439 3581 611 3650 εἶναι
661 3582 781 3671 τὴν
829 3581 1178 3671 σαόφρονα
1219 3588 1331 3653 καὶ
1375 3584 1495 3671 τὴν
1539 3590 1933 3708 περίφρονα
1966 3582 2099 3652 ὗπὸ
2148 3590 2268 3653 τοῦ
2306 3582 2595 3678 Ὁμήρου

435 3689 886 3772 γεγραμμένην
950 3721 1036 3730 -
1099 3685 1414 3774 τοιαύτην
1477 3712 1604 3773 γαρ
1668 3685 1787 3777 τὴν
1852 3691 1969 3776 τῆς
2031 3689 2436 3778 Πηνελόπης
2505 3691 2594 3757 εἰ-

435 3788 598 3856 κόνα
656 3787 898 3865 ἐκεῖνος
959 3786 1249 3875 ἔγραψεν
1306 3828 1392 3836 —-
1448 3780 1490 3878 ἢ
1544 3791 1655 3856 καὶ
1714 3789 1789 3879 νὴ
1834 3796 1974 3856 Δία
2016 3788 2186 3858 κατὰ
2230 3790 2351 3879 τὴν
2410 3789 2593 3876 ὁμώ-

437 3914 639 3972 νυμον
695 3883 897 3975 αὐτῆς
950 3888 1070 3976 τὴν
1125 3893 1246 3958 τοῦ
1289 3884 1709 3978 Ἀβραδάτα,
1772 3885 1852 3978 ἧς
1909 3891 2143 3977 μικρὸν
2202 3893 2593 3980 ε’μπροσθεν

439 3988 1037 4078 ἐμνημονεύσαμεν.
