2750 4534
371 273 494 331 118
1261 277 1638 330 ΔΟΥΚΙΑΝΟΥ

365 443 758 569 κυβερνήτην
825 442 1070 511 ἐκεῖνον
1130 442 1300 523 εἶδες
1357 436 1439 511 ἄν
1498 439 1604 512 άεὶ
1660 444 1744 513 τὰ
1805 446 2225 533 ξυμφέροντα
2286 439 2523 511 ἔπινο-

367 548 567 611 οῦντα
597 548 706 611 καὶ
740 543 870 631 πρὸ
905 551 1022 613 τοῦ
1053 551 1286 629 καιροῦ
1317 547 1986 631 παρασκευαζόμενον
2016 550 2128 614 καὶ
2174 548 2521 631 προστάτ-

366 674 568 714 τοντα
596 662 739 724 τοῖς
769 648 1062 730 ναύταις,
1109 643 1492 726 ἀλυσιτελὲς
1538 649 1609 716 δὲ
1639 653 1750 716 καὶ
1784 646 2023 736 ἄλογον
2056 644 2245 716 οῦδέν
2284 675 2351 715 τι
2382 646 2519 732 εἶχε

364 746 405 837 ἡ
463 754 652 829 ναῦς,
725 752 761 815 ὂ
819 748 910 837 μὴ
963 751 1286 839 χρήσιμον
1342 750 1617 829 πάντως
1660 756 1772 819 καὶ
1819 746 2175 837 αναγκαῖον
2216 738 2299 839 ῆν
2342 751 2521 833 πρὸς

365 852 483 938 τὴν
530 854 874 919 ναυτιλίαν
921 847 1178 931 αὐτοῖς·
1225 850 1260 920 6
1311 854 1383 919 δὲ
1430 852 1548 932 σὸς
1593 849 1787 933 οὗτος
1829 856 2251 943 κυβερνήτης,
2311 851 2387 921 ὃν
2429 857 2639 940 τῇ695

365 956 617 1041 μεγάλῃ
684 955 889 1044 ταύτῃ
951 958 1063 1043 νηῒ
1125 955 1487 1041 ἐφεστάναι
1550 950 1794 1037 ἀξιοῖς,
1860 960 1973 1023 καὶ
2031 958 2098 1023 οἶ
2165 956 2521 1035 ξυνναῦται

370 1050 571 1121 αὐτοῦ
629 1049 818 1123 οῦδὲν
873 1050 1158 1143 εὐλόγως
1214 1052 1367 1124 οῦδὲ
1432 1057 1601 1123 κατὰ
1669 1059 1791 1146 τὴν
1856 1053 2051 1137 άξίαν
2120 1057 2523 1123 διατάττου-

369 1182 494 1238 σιν,
543 1151 691 1222 ἆλλ’
743 1156 776 1224 6
824 1158 944 1241 μὲν
990 1158 1334 1244 πρότονος,
1385 1159 1444 1225 εἰ
1488 1159 1693 1241 τύχοι,
1741 1159 1808 1237 ἐς
1850 1160 1969 1246 τὴν
2000 1159 2305 1244 πρύμναν
2338 1157 2521 1223 ἀπο-

365 1264 657 1340 τέταται,
705 1261 771 1326 οἱ
801 1260 1010 1338 πόδες
1053 1261 1126 1327 δὲ
1157 1260 1225 1340 ἐς
1267 1260 1388 1351 τήν
1432 1266 1711 1349 πρῴραν
1757 1257 2162 1347 ἀμφότεροι·
2207 1264 2317 1326 καὶ
2356 1286 2522 1343 χρυ-

369 1376 486 1428 σαῖ
527 1363 646 1446 μὲν
694 1364 763 1428 αἱ
809 1359 1086 1448 ἄγκυραι
1131 1358 1364 1445 ἐνίοτε,
1422 1362 1455 1430 ὃ
1498 1371 1805 1453 χηνίσκος
1852 1365 1923 1430 δὲ
1967 1363 2354 1447 μολυβδοῦς,
2401 1365 2529 1445 καὶ,

367 1464 452 1529 τὰ
495 1466 616 1548 μὲν
645 1458 872 1552 ῧφαλα
901 1464 1318 1553 κατάγραφα,
1363 1466 1446 1531 τὰ
1482 1460 1545 1531 δ’
1600 1466 1801 1544 ἔξαλα
1846 1470 1963 1554 τῆς
2008 1464 2171 1543 νεώς
2214 1460 2519 1551 ἄμορφα.

265 1568 340 1625 48
369 1570 470 1631 48.
515 1568 628 1632 καὶ
659 1560 877 1633 αὐτῶν
923 1568 995 1632 δὲ
1024 1570 1156 1632 τῶν
1188 1571 1443 1633 ναυτῶν
1488 1567 1662 1646 ἰ’δοις
1704 1559 1785 1633 ἄν
1827 1566 1944 1633 τὸν
1988 1567 2111 1651 μὲν
2156 1560 2359 1651 ἇργὸν
2402 1568 2519 1631 καὶ

2176 1658 2208 1683 Ἃ

368 1661 636 1749 ἄτεχνον
690 1671 801 1735 καὶ
862 1662 1150 1751 ἄτολμον
1202 1668 1376 1754 πρὸς
1418 1668 1503 1734 τὰ
1549 1668 1704 1755 ἔργα
1749 1671 2124 1755 διμοιρίτην
2166 1694 2206 1757 η
2251 1692 2521 1750 τριμοι-

366 1774 582 1855 ρίτην,
641 1767 757 1835 τὸν
811 1769 882 1836 δὲ
925 1772 1507 1857 κατακολυμβῆσαί
1548 1796 1621 1836 τε
1666 1768 1884 1837 δεινὸν
1927 1772 2039 1836 καὶ
2085 1768 2200 1835 ἐπὶ
2244 1768 2363 1855 τὴν
2407 1794 2520 1835 κε·-

368 1876 564 1953 ραίαν
618 1864 1047 1959 ἀναπηδῆσαι
1103 1872 1332 1961 ῥᾴδιον
1374 1874 1484 1938 καὶ
1534 1871 1759 1938 εἰδότα
1803 1875 1936 1937 τῶν
1976 1876 2318 1958 χρησίμων
2364 1870 2637 1935 ἔνια-696

369 1992 526 2051 στα,
572 1972 776 2054 μόνον
833 1976 1068 2040 τοῦτον
1122 1968 1381 2040 ἆντλεῖν
1426 1978 2035 2059 προστεταγμένον·
2097 1971 2180 2037 τὰ
2227 1966 2290 2036 δ’
2342 1966 2521 2037 αὐτὰ

367 2074 474 2136 καὶ
537 2072 603 2137 ἓν
653 2087 797 2152 τοῖς
854 2068 1242 2159 ἐπιβάταις,
1299 2081 1658 2161 μαστιγίαν
1714 2081 1832 2158 μέν
1875 2101 2026 2142 τινα
2072 2068 2141 2140 ἓν
2186 2075 2521 2161 προεδρίᾳ

366 2172 554 2260 παρὰ
604 2174 721 2241 τὸν
766 2177 1162 2267 κυβερνήτην
1205 2177 1590 2265 καθήμενον
1634 2181 1745 2244 καὶ
1788 2172 2357 2262 θεραπευόμενον,
2404 2180 2516 2242 καὶ

369 2270 569 2343 ἄλλον
621 2279 918 2346 κίναιδον
973 2270 1016 2365 ἢ
1073 2281 1494 2381 πατραλοίαν
1553 2306 1592 2368 η
1653 2279 1996 2365 ἱερόσυλον
2048 2274 2520 2361 ὑπερτιμώμε-

367 2406 480 2446 νον
508 2384 619 2447 καὶ
649 2408 733 2447 τα
766 2377 932 2468 ἄκρα
961 2384 1078 2471 τῆς
1116 2382 1280 2459 νεώς
1321 2382 1787 2469 κατειληφότα,
1829 2387 2178 2465 χαρίεντας
2226 2381 2297 2446 δὲ
2342 2382 2517 2446 πολ-

368 2482 523 2561 λοὺς
580 2510 652 2550 εν
717 2488 902 2571 μυχῷ
957 2488 1074 2550 τοῦ
1131 2484 1427 2571 σκάφους
1491 2489 2134 2567 στενοχωρουμένους
2199 2485 2310 2548 καὶ
2375 2479 2513 2549 ὑπὸ

366 2589 515 2652 τῶν·
572 2583 746 2672 πρὸς
819 2581 1150 2676 ἀλήθειαν
1223 2586 1541 2670 χειρόνων
1619 2591 2106 2669 πατουμένους·
2199 2583 2517 2669 ἐννόησον

366 2692 522 2773 γοῦν
588 2682 777 2767 ὅπως
838 2690 959 2772 μὲν
1014 2689 1366 2777 Σωκράτης
1419 2692 1532 2754 καὶ
1582 2682 1997 2777 Ἀριστείδης
2056 2686 2341 2755 ἔπλευσε
2398 2690 2515 2752 καὶ

372 2795 686 2870 Φωκίων,
749 2783 902 2857 οῦδὲ
946 2787 1030 2855 τὰ
1085 2786 1337 2878 ἄλφιτα
1386 2790 1619 2877 διαρκῆ
1654 2789 1908 2872 ἔχοντες
1952 2786 2107 2855 οῦδὲ
2151 2781 2514 2854 ἀποτεῖναι

368 2888 524 2967 τοὺς
581 2889 801 2967 πόδας
865 2891 1218 2975 δυνάμενοι
1281 2890 1399 2956 ἐπὶ
1463 2893 1721 2976 γυμνῶν
1783 2893 1915 2955 τῶν
1975 2889 2263 2957 σανίδιον
2318 2888 2513 2972 παρὰ

364 2990 484 3058 τὸν
530 2989 786 3074 ἄντλον,
834 3018 900 3058 εν
947 2992 1134 3070 οσοις
1178 2993 1250 3058 δε
1282 2986 1572 3079 ἀγαθοῖς
1604 2994 1899 3069 Καλλίας
1926 2995 2036 3058 καὶ
2070 2991 2367 3069 Μειδίας
2398 2994 2630 3057 καὶ697

368 3094 936 3179 Σαρδανάπαλλος
990 3091 1542 3183 ὑπερτρυφῶντες
1598 3097 1706 3161 καὶ
1765 3098 1897 3159 τῶν
1940 3088 2062 3182 ὑφ’
2124 3092 2348 3171 αυτοῖς
2391 3120 2512 3159 κα-

266 3211 342 3267 49
371 3196 795 3274 ταπτύοντες.
845 3204 942 3266 49.
987 3201 1265 3263 τοιαῦτα
1311 3222 1378 3262 εν
1422 3201 1505 3283 τῇ
1548 3200 1661 3284 νηί
1701 3220 1819 3262 σου
1863 3203 2135 3282 γίνεται,
2182 3221 2234 3260 ω
2280 3195 2513 3281 σοφώ-

305 3352 312 3359 ,
369 3324 527 3365 τατε
578 3298 956 3383 Τιμόκλεις·
1005 3298 1118 3367 διὰ
1161 3303 1359 3366 τοῦτο
1407 3326 1475 3365 αι
1521 3305 1832 3384 ναυαγίαι
1875 3304 2123 3383 μυρίαι.
2188 3298 2247 3363 ει
2293 3299 2367 3363 δέ
2407 3323 2517 3375 τις

368 3402 760 3492 κυβερνήτης
805 3397 1106 3491 εφεστώς
1151 3402 1327 3487 ἑώρα
1370 3405 1483 3468 καὶ
1530 3402 1865 3468 διέταττεν
1913 3400 2184 3481 ε’καστα,
2240 3404 2515 3484 πρῶτον

369 3506 490 3587 μὲν
543 3503 657 3571 οὐκ
717 3532 796 3571 αν
852 3499 1171 3593 ἠγνόησεν
1227 3505 1470 3581 οίτινες
1527 3505 1591 3570 οι
1644 3506 1916 3629 χρηστοι
1975 3506 2089 3570 καὶ
2146 3503 2388 3579 οίτινες
2444 3503 2516 3569 οἱ

372 3607 621 3691 φαῦλοι
663 3610 796 3671 τῶν
843 3604 1298 3689 εμπλεόντων,
1359 3606 1597 3673 ἔπειτα
1642 3605 1897 3693 εκάστῳ
1940 3604 2108 3671 κατὰ
2152 3602 2270 3693 τὴν
2316 3598 2513 3681 ἆξίαν

369 3709 454 3774 τὰ
500 3706 920 3793 προσήκοντα
965 3702 1320 3793 ἀπένειμεν
1367 3703 1480 3789 ἄν,
1532 3707 1751 3829 χώραν
1795 3732 1868 3773 τε
1910 3705 2028 3795 τὴν
2073 3698 2323 3788 ἀμείνω
2366 3718 2516 3783 τοῖς

373 3806 682 3893 ἆμείνοσι
746 3807 916 3891 παρ’
989 3804 1188 3878 αῦτὸν
1255 3806 1425 3891 ἄνω,
1491 3808 1611 3896 τὴν
1668 3809 1847 3875 κάτω
1915 3809 1986 3875 δὲ
2042 3820 2185 3885 τοῖς
2232 3813 2516 3891 χείροσι,

370 3914 481 3977 καὶ
542 3915 897 3990 συσσίτους
941 3912 1119 3980 ἔστιν
1164 3912 1277 3991 οὓς
1323 3913 1633 3996 ἀμείνους
1673 3914 1780 3978 και
1829 3911 2231 3995 ξυμβούλους
2276 3908 2517 3999 εποιή-

375 4007 525 4081 ‘rav'
579 4009 678 4096 ἄν,
723 4018 833 4083 καὶ
863 4019 993 4085 τῶν
1025 4020 1281 4083 ναυτιῦν
1311 4012 1345 4082 6
1386 4016 1506 4099 μὲν
1553 4013 1908 4099 πρόθυμος
1950 4004 1993 4097 ἢ
2038 4012 2314 4099 πρῴρας
2355 4037 2516 4080 επι-
