2750 4534
457 225 536 282 14
1335 227 1637 291 [ΛΟΥΚΙΑΝ
1640 227 1739 293 ΟΥ]

453 400 757 496 μέσησεν,
804 396 872 464 έν
900 422 974 482 γε
1003 411 1147 474 τοῖς
1177 400 1513 479 παροῦσιν
1543 390 1785 484 η’διστα
1828 397 1913 464 τὰ
1946 401 2385 483 παρέλκοντα.
2444 403 2600 489 γυνὴ

451 497 572 581 μὲν
618 495 732 565 οὖν
780 493 915 566 ἀπὸ
966 505 1317 587 παρθένου
1363 505 1555 586 μέχρι
1600 496 1863 588 ἡλικίας
1905 505 2141 588 μέσης,
2200 505 2364 585 πρὶν
2408 494 2450 592 ἢ
2492 530 2603 570 τε-

455 600 618 677 λέως
661 601 778 687 τὴν
825 601 1102 691 ἐσχάτην
1148 603 1383 690 ῥυτίδα
1427 606 1546 669 τοῦ
1586 602 1802 691 γήρως
1847 602 2275 689 επιδραμεῖν,
2324 599 2602 690 εὐάγκα-

453 703 568 768 λον
600 697 919 789 ἀνδράσιν
949 701 1267 794 ομίλημα,
1311 709 1424 772 καὶ
1458 731 1539 772 αν
1569 707 1879 793 παρέλθῃ
1910 705 1994 772 τὰ
2028 711 2144 796 τῆς
2175 699 2371 792 ὥρας,
2418 701 2603 791 όμως

347 816 423 872 26
458 800 538 891 »ἡ
589 804 906 889 ἐμπειρία
951 807 1083 890 ἐ’χει
1125 835 1193 876 τι
1237 809 1422 887 λέξαι
1464 813 1596 874 τῶν
1643 813 1808 874 νέων
1854 809 2303 895 σοφώτερον.“
2392 816 2493 877 26.
2542 812 2601 876 εἰ

453 906 517 971 δ’
554 908 803 976 εἴκοσιν
849 909 1013 976 ἐτῶν
1047 905 1448 998 ἀποπειρῴη
1494 911 1713 978 παῖδά
1743 935 1865 991 τις,
1912 905 2114 989 αὐτὸς
2149 911 2373 998 ἔμοιγε
2419 913 2601 980 δοκεῖ

451 1015 827 1096 πασχητιᾶν
893 1006 1274 1100 ἀμφίβολον
1322 1009 1733 1102 Ἀφροδίτην
1798 1014 2257 1097 μεταδιώκων·
2326 1018 2595 1103 σκληροὶ

447 1109 572 1197 γὰρ
633 1113 699 1179 οἱ
743 1117 875 1179 τῶν
931 1118 1149 1198 μελῶν
1210 1109 1774 1202 ἀπανδρωθέντες
1830 1110 2018 1199 ὄγκοι
2071 1118 2180 1182 καὶ
2228 1116 2431 1202 τραχὺ
2476 1117 2597 1200 μὲν

449 1205 598 1281 ἀντὶ
642 1219 762 1281 τοῦ
800 1216 1015 1284 πάλαι
1061 1220 1362 1302 μαλακοῦ
1408 1218 1758 1284 πυκασθὲν
1806 1217 2056 1294 ἰούλοις
2099 1217 2175 1284 τὸ
2209 1223 2480 1304 γένειον,
2529 1219 2596 1285 οἱ

449 1307 515 1378 δ>
552 1310 820 1403 εὐφυεῖς
847 1323 1048 1408 μηροὶ
1083 1320 1312 1406 θριξὶν
1343 1316 1638 1406 ὡσπερεὶ
1672 1322 2038 1405 ῥυπῶντες·
2089 1318 2129 1385 ἃ
2163 1315 2227 1385 δ’
2266 1319 2409 1386 ἐστὶ
2438 1320 2595 1386 τού-

444 1443 579 1484 των
610 1412 1052 1507 ἀφανέστερα,
1099 1435 1244 1498 τοῖς
1272 1421 1759 1508 πεπειρακόσιν
1802 1418 1957 1504 ύμῖν
1990 1421 2237 1488 εἰδέναι
2279 1427 2592 1511 παρίημι.

444 1525 702 1605 γυναικὶ
764 1523 836 1590 δὲ
894 1517 999 1590 ἀεὶ
1045 1527 1246 1648 πάση
1288 1521 1327 1612 ἡ
1384 1527 1504 1590 τοῦ
1543 1523 1896 1610 χρώματος
1954 1523 2332 1607 ἐπιστίλβει
2378 1524 2591 1611 χάρις,

444 1627 553 1690 καὶ
588 1625 900 1709 δαψιλεῖς
941 1652 1066 1710 μεν
1113 1620 1250 1692 ἀπὸ
1298 1629 1432 1692 τῶν
1475 1629 1594 1714 τῆς
1598 1628 1916 1745 κεφαλῆς
1959 1625 2337 1712 βοστρύχων
2384 1626 2593 1704 έλικες

443 1724 793 1806 υακίνθοις
851 1727 926 1796 τὸ
974 1727 1176 1795 καλὸν
1223 1722 1550 1796 ἀνθοῦσιν
1594 1722 1799 1811 όμοια
1842 1728 2303 1816 πορφύροντες
2360 1731 2426 1796 οἱ
2468 1730 2589 1813 μὲν
2609 1747 2695 1796 427

445 1829 794 1899 ἐπινώτιοι
836 1833 1137 1914 κέχυνται
1179 1838 1608 1920 μεταφρένων
1650 1831 1930 1915 κόσμος,
1991 1831 2056 1897 οἱ
2110 1830 2183 1897 δὲ
2227 1825 2395 1917 παρ’
2448 1831 2591 1901 ῶτα

441 1937 551 2000 καὶ
597 1933 974 2022 κροτάφους
1017 1931 1191 2000 πολυ
1248 1938 1382 2001 τῶν
1440 1934 1507 2000 ἒν
1554 1936 1826 2018 λειμῶνι
1886 1927 2232 2016 ούλότεροι
2291 1937 2586 2002 σελίνων.

442 2035 516 2101 τὸ
568 2030 631 2101 δ’
671 2031 833 2112 αλλο
881 2039 1074 2119 σῶμα
1117 2032 1274 2123 μηδ’
1314 2030 1526 2125 ἀκαρῆ
1568 2035 1792 2121 τριχὸς
1839 2029 2072 2113 αυταῖς
2115 2033 2589 2124 ὖποφυομένης

442 2135 774 2225 ἠλέκτρου,
822 2145 1063 2224 φασίν,
1107 2128 1148 2224 ἢ
1192 2139 1523 2216 Σιδωνίας
1565 2135 1759 2204 ὗέλου
1807 2139 2357 2225 διαφεγγέστερον
2402 2134 2588 2206 ἀπα-

335 2246 406 2301 27
443 2239 788 2326 στράπτει.
864 2245 966 2306 27.
1012 2246 1081 2307 τί
1120 2233 1183 2305 δ>
1223 2235 1366 2323 οῦχὶ
1410 2244 1543 2307 τῶν
1570 2236 1828 2329 ἡδονῶν
1871 2242 1982 2306 καὶ
2027 2239 2148 2318 τὰς
2178 2235 2589 2319 ἀντιπαθεῑς

435 2344 952 2427 μεταδιωκτέον,
1013 2342 1290 2410 ἐπειδὰν
1349 2342 1423 2421 ἐξ
1461 2344 1613 2410 ἴσου
1669 2357 1813 2421 τοῖς
1870 2344 2279 2411 διατιθεῑσιν
2335 2345 2401 2410 οἱ
2445 2346 2584 2411 πά-

437 2469 703 2527 σχοντες
761 2439 1290 2535 εὖφραίνωνταις
1351 2445 1583 2528 σχεδὸν
1635 2445 1760 2531 γὰρ
1821 2440 1897 2512 οὗ
1946 2444 2116 2511 κατὰ
2173 2441 2382 2512 ταύτὰ
2440 2462 2584 2525 τοῖς

435 2541 704 2634 ἀλόγοις
750 2542 946 2634 ζῴοις
989 2547 1109 2625 τὰς
1152 2547 1465 2636 μονήρεις
1510 2545 1861 2633 διατριβὰς
1906 2538 2357 2631 ἀσμενίζομεν,
2410 2542 2579 2614 ἀλλά

434 2676 582 2729 πως
627 2652 997 2738 φιλεταίρῳ
1055 2655 1370 2738 κοινωνίᾳ
1428 2650 1803 2735 συζυγέντες
1858 2645 2029 2737 ἧδίω
2085 2648 2169 2715 τά
2227 2675 2300 2715 τε
2345 2649 2577 2736 ἀγαθὰ

433 2753 552 2819 σὺν
598 2747 911 2840 ἀλλήλοις
964 2750 1314 2839 ἡγούμεθα
1369 2756 1481 2819 καὶ
1539 2751 1623 2818 τὰ
1670 2753 1946 2838 δυσχερῆ
1990 2751 2366 2839 κουφότερα
2421 2748 2575 2836 μετ’

431 2849 752 2943 ἀλλήλων.
840 2846 1006 2921 ὅθεν
1053 2850 1295 2941 εὑρέθη
1342 2852 1641 2939 τράπεζα
1684 2848 1903 2940 κοινή·
1949 2855 2060 2919 καὶ
2106 2854 2341 2940 φιλίας
2383 2868 2577 2937 μεσῑ-

425 2984 530 3024 τιν
595 2955 822 3023 ἑστίαν
886 2961 1355 3041 παραθέμενοι
1421 2959 1659 3040 γαστρὶ
1718 2953 1837 3039 τὴν
1894 2948 2337 3042 ὀφειλομένην
2399 2949 2577 3022 ἀπο-

424 3062 791 3147 μετροῦμεν
850 3052 1263 3139 ἀπόλαυσιν,
1325 3053 1401 3123 οὗ
1456 3058 1654 3141 μόνοι
1708 3056 1828 3123 τὸν
1891 3057 2177 3137 Θάσιον,
2249 3057 2310 3123 εἰ
2365 3057 2573 3140 τύχοι,

426 3168 732 3238 πίνοντες
791 3157 971 3227 οἶνον
1030 3155 1181 3227 οὐδὲ
1239 3152 1404 3224 καθ’
1473 3155 1712 3236 αὖτοὺς
1770 3162 1903 3225 τῶν
1962 3162 2344 3225 πολυτελῶν
2405 3185 2575 3244 πιμ-

423 3264 760 3348 πλάμενοι
800 3269 1054 3344 σιτίων,
1103 3256 1271 3328 ἀλλὰ
1306 3261 1488 3328 δοκεῖ
1528 3259 1819 3347 τερπνὸν
1851 3260 2107 3348 ἑκάστῳ
2151 3259 2225 3327 τὸ
2257 3255 2413 3381 μετ’
2453 3257 2573 3328 άλ-

421 3367 570 3442 λου,
644 3370 755 3432 καὶ
830 3364 951 3443 τὰς
1017 3361 1263 3451 ἡδονὰς
1337 3362 1823 3447 κοινωσάμενοι
1888 3366 2143 3448 μᾶλλον
2212 3357 2573 3450 εὐφραινό-

417 3475 624 3553 μεθα.
729 3471 800 3535 αἱ
855 3469 977 3551 μὲν
1035 3453 1150 3533 οῦν
1208 3481 1568 3552 γυναικεῐοι
1630 3466 1900 3533 σύνοδοι
1956 3470 2071 3553 τῆς
2130 3459 2569 3544 ἀπολαύσεως
2589 3480 2671 3530 425

421 3569 762 3640 ἀντίδοσιν
809 3570 1050 3654 ὁμοίαν
1095 3569 1390 3652 έχουσιν·
1440 3564 1763 3656 ἀλλήλους
1805 3569 1932 3655 γὰρ
1978 3569 2107 3646 «ᾆξ’
2094 3568 2239 3635 ίσου
2287 3569 2567 3634 διαθέν-

417 3699 524 3752 τες
554 3671 766 3761 ἡδέως
811 3666 1312 3759 ἀπηλλάγησαν,
1361 3672 1525 3757 εἴγε
1554 3669 1643 3759 μὴ
1678 3671 1959 3758 δικαστῇ
1996 3676 2308 3758 Τειρεσίᾳ
2354 3693 2569 3756 προσ-

417 3780 666 3857 εκτέον,
727 3768 831 3842 ὅτι
887 3770 926 3863 ἡ
972 3773 1221 3859 θήλεια
1280 3778 1520 3860 τέρψις
1578 3766 1697 3860 ὅλῃ
1742 3779 1950 3860 μοίρᾳ
2013 3774 2394 3838 πλεονεκτεῖ
2451 3771 2568 3860 τὴν

416 3875 677 3963 ἄρρενα.
765 3875 966 3944 καλὸν
1014 3870 1078 3942 δ’
1132 3873 1350 3960 οἶμαι,
1398 3876 1487 3963 μὴ
1535 3875 1878 3964 φιλαύτως
1924 3869 2312 3941 ἀπολαῦσαι
2356 3875 2567 3960 θελή-

416 4004 683 4060 σαντας,
731 3973 919 4056 ὅπως
965 3978 1107 4066 ἰδίᾳ
1165 4006 1230 4046 τι
1270 3976 1559 4066 χρηστὸν
1607 3970 2033 4058 ἀποίσονται,
2083 3990 2356 4042 σκοπεῖν
2402 3969 2563 4064 ὅλην
