2750 4534
427 271 548 329 156
1313 272 1688 327 ΛΟΥΚΙΑΝΟΥ

419 435 824 530 Ἀσκληπιὸς
879 443 989 508 καὶ
1046 439 1122 507 τὸ
1170 442 1557 510 Βενδίδειον
1613 442 1867 530 ἐγένετο
1926 441 1995 508 ἐν
2044 441 2267 531 Θρᾴκῃ
2322 444 2440 508 καὶ
2495 440 2571 505 τὸ
2590 455 2683 505 781

418 540 866 628 Ἀνουβίδειον
925 543 993 609 ἐν
1035 542 1375 631 ,Αἰγύπτῳ
1434 547 1546 612 καὶ
1602 544 1678 613 τὸ
1716 539 2137 630 Ἀρτεμίσιον
2194 542 2261 611 ἐν
2298 537 2575 631 Ἐφέσῳ,

429 645 542 712 ἐπὶ
588 648 798 711 ταῦτα
841 645 962 728 μὲν
1021 637 1318 723 ἅπαντες
1362 652 1607 713 θέουσι
1650 650 1759 714 καὶ
1806 646 2209 735 πανηγύρεις
2255 637 2579 732 ἀνάγουσι

427 750 538 814 καὶ
596 746 968 831 ἑκατόμβας
1038 750 1487 832 παριστᾶσιν,
1549 747 1663 833 ἐμὲ
1722 748 1795 815 δὲ
1853 740 2083 835 ῶσπερ
2140 746 2579 836 παρηβηκότα

432 850 672 928 ἱκανῶς
721 853 1144 937 τετιμηκέναι
1187 850 1603 934 νομίζουσιυ,
1661 876 1745 917 αν
1790 848 1901 917 διὰ
1951 855 2150 916 πέντε
2193 848 2369 916 ὅλων
2414 848 2580 914 ἐτῶν

430 945 737 1018 θύσωσιν
805 950 872 1017 ἐν
922 945 1278 1039 Ὀλυμπίᾳ.
1368 955 1722 1037 τοιγαροῦν
1792 956 2240 1036 ψυχροτέρους
2306 978 2390 1018 αν
2448 977 2581 1034 μου

430 1078 584 1131 τοι-ς
625 1051 892 1138 βωμοὺς
936 1054 1112 1132 ἰ’δοις
1153 1058 1287 1121 τῶν
1321 1054 1691 1131 Πλάτωνος
1736 1054 1955 1138 νόμων
1998 1044 2041 1143 ἢ
2083 1063 2213 1119 τῶν
2258 1058 2581 1140 Χρυσίπ-

431 1180 566 1221 που
612 1157 1089 1241 συλλογισμῶν.

328 1262 404 1318 25
602 1262 704 1325 25.
759 1252 1032 1325 Τοιαῦτ’
1085 1253 1255 1323 ἅττα
1300 1257 1659 1336 διεξιόντες
1698 1251 2171 1346 ἀφικνούμεθα
2215 1255 2284 1334 ἐς
2326 1255 2405 1323 τὸ
2447 1281 2584 1339 χω·

432 1365 597 1446 ρίον,
645 1358 816 1427 ἔνθα
861 1359 998 1427 ἔδει
1043 1354 1245 1427 αὐτὸν
1289 1360 1741 1444 καθεζόμενον
1778 1362 2129 1427 διακοῦσαι
2170 1363 2307 1425 τῶν
2352 1354 2582 1441 εὐχῶν.

433 1462 710 1549 θυρίδες
756 1462 828 1529 δὲ
857 1448 1027 1549 ῆσαν
1073 1461 1221 1551 ἑξῆς
1249 1476 1393 1539 τοῖς
1439 1469 1748 1547 στομίοις
1774 1467 1909 1529 τῶν
1954 1462 2265 1551 φρεάτων
2297 1459 2586 1529 ἐοικυῖαι

433 1563 724 1646 πώματα
769 1564 1038 1646 ἔχουσαι
1080 1567 1188 1630 καὶ
1237 1558 1403 1647 παρ’
1456 1562 1696 1652 ἑκάστῃ
1728 1565 1979 1648 θρόνος
2024 1563 2233 1631 ἔκειτο
2274 1565 2584 1647 χρυσοῦς.

432 1670 726 1744 καθίσας
770 1652 886 1732 οῦν
929 1663 1164 1733 ἑαυτὸν
1211 1666 1323 1732 ἐπὶ
1370 1669 1489 1753 τῆς
1541 1661 1814 1755 πρώτης
1856 1662 1891 1733 ὅ
1940 1666 2109 1743 Ζεῦ-ς
2151 1668 2263 1732 καὶ
2309 1658 2584 1752 ἀφελῶν

433 1766 510 1833 τὸ
577 1771 786 1851 πῶμα
847 1781 1130 1860 παρεῖχε
1185 1782 1329 1845 τοῖς
1396 1763 1774 1852 εὐχομένοις
1830 1768 2097 1835 ἑαυτόν·
2172 1764 2448 1856 ηὔχοντο
2512 1765 2584 1832 δὲ
2602 1782 2688 1831 782

435 1869 864 1951 πανταχόθεν
908 1873 1028 1958 τῆς
1070 1873 1186 1958 γῆς
1243 1870 1541 1957 διάφορα
1584 1873 1696 1938 καὶ
1754 1873 2050 1938 ποικίλα.
2140 1867 2573 1955 συμπαρακύ-

436 1983 575 2053 ψας
618 1969 742 2057 γὰρ
800 1973 911 2037 καὶ
959 1971 1158 2049 αὐτὸς
1217 1971 1544 2058 ἐπήκουον
1591 1964 1732 2057 ἅμα
1788 1976 1921 2039 τῶν
1968 1966 2191 2055 εὐχῶν.
2281 1956 2453 2059 ῆσαν
2510 1969 2582 2036 δὲ

434 2072 727 2155 τοιαίδε,
788 2058 861 2139 Ὦ
919 2078 1083 2155 Ζεῦ,
1145 2077 1545 2159 βασιλεῦσαί
1601 2101 1719 2158 μοι
1771 2080 2060 2161 γένοιτο·
2150 2059 2205 2139 ὦ
2260 2078 2430 2154 Ζεῦ,
2497 2072 2582 2138 τὰ

435 2175 738 2260 κρόμμυά
782 2202 902 2260 μοι
947 2180 1154 2265 φῦναι
1195 2180 1306 2243 καὶ
1351 2177 1437 2243 τοὶ
1472 2178 1791 2262 σκόροδα·
1838 2164 1893 2242 (5
1936 2182 2115 2258 θεοί,
2159 2176 2275 2243 τὸν
2320 2180 2586 2259 πατέρα

436 2303 554 2361 μοι
609 2283 861 2362 ταχέως
905 2275 1314 2346 ἀποθανεῖν·
1372 2276 1410 2346 ὃ
1460 2280 1537 2347 δέ
1590 2305 1692 2358 τις
1737 2280 1893 2368 ἔφη,
1955 2279 2133 2347 Εἴθε
2174 2278 2585 2367 κληρονομή-

440 2403 636 2463 σαιμι
677 2384 795 2467 τῆς
836 2381 1161 2468 γυναικός,
1207 2382 1359 2448 εἴθε
1391 2381 1680 2466 λάθοιμι
1723 2382 2203 2467 ἐπιβουλεύσας
2246 2385 2345 2467 τῶ
2383 2375 2584 2448 ἀδελ-

439 2486 570 2571 φῷ,
614 2479 875 2571 γένοιτό
917 2509 1036 2567 μοι
1081 2487 1338 2571 νικῆσαι
1388 2484 1507 2573 τὴν
1542 2485 1747 2572 δίκην,
1794 2489 2175 2573 στεφθῆναι
2219 2482 2305 2550 τὰ
2344 2482 2587 2567 Ὀλύμ-

438 2612 568 2653 τια.
653 2590 787 2653 τῶν
831 2586 1170 2654 πλεόντων
1227 2586 1299 2653 δὲ
1345 2582 1380 2653 ὅ
1428 2588 1547 2671 μὲν
1589 2591 1833 2671 βορέαν
1876 2582 2108 2676 ηὔχετο
2154 2585 2585 2667 ἐπιπνεῦσαι,

438 2684 472 2755 ὅ
524 2689 594 2754 δὲ
642 2689 853 2770 νότον,
899 2684 934 2754 o‘
985 2689 1056 2755 δὲ
1091 2687 1377 2775 γεωργὸς
1421 2684 1565 2776 ᾔτει
1598 2684 1806 2770 ῦετόν,
1852 2685 1887 2754 ὃ
1924 2689 1996 2754 δὲ
2038 2687 2326 2776 κναφεὺς
2366 2680 2586 2775 ἥλιον.

441 2789 788 2856 ἐπακούων
834 2790 906 2855 δὲ
950 2786 984 2856 o‘
1034 2788 1202 2869 Ζεὺς
1245 2793 1357 2857 καὶ
1402 2789 1520 2876 τὴν
1566 2789 1755 2879 εὐχὴν
1784 2789 2061 2875 ἑκάστην
2109 2789 2399 2875 ἀκριβῶς
2445 2788 2587 2867 ἐξε-

440 2891 653 2971 τάζων
698 2885 774 2958 οὗ
821 2891 1044 2957 πάντα
1087 2888 1491 2975 ὑπισχνεῖτο,

555 2988 706 3058 ἀλλ’
759 2992 980 3079 ἕτερον
1025 2995 1145 3077 μὲν
1190 2994 1394 3062 ἔδωκε
1436 2988 1678 3081 πατήρ,
1728 2993 1950 3076 ἕτερον
1996 2986 2061 3059 δ’
2112 2990 2451 3060 ἀνένευσε·

439 3094 559 3173 τὰς
615 3097 735 3179 μὲν
778 3121 903 3183 γαρ
963 3097 1228 3175 δικαίας
1279 3102 1411 3165 τῶν
1470 3095 1669 3180 εὐχῶν
1727 3103 2049 3179 προσίετο
2110 3122 2247 3163 ανω
2294 3094 2407 3162 διὰ
2462 3100 2587 3162 τοῦ

443 3204 720 3283 στομίου
763 3201 874 3265 καὶ
920 3198 1037 3267 ἐπὶ
1081 3198 1163 3265 τὰ
1212 3200 1397 3279 δεξιὰ
1440 3206 1785 3267 κατετίθει
1829 3205 2085 3289 φέρων,
2137 3197 2261 3276 τὰς
2306 3198 2377 3265 δὲ
2426 3192 2587 3265 ἂνο-

443 3309 629 3381 σίους
675 3295 1056 3389 απράκτους
1101 3288 1303 3381 αὖθις
1353 3299 1757 3386 ἀπέπεμπεν
1804 3295 2180 3391 ἀποφυσῶν
2224 3300 2423 3382 κάτω,
2469 3301 2587 3367 ἵνα

441 3406 606 3494 μηδὲ
651 3406 939 3493 πλησίον
996 3413 1292 3491 γένοιντο
1345 3413 1462 3471 τοῦ
1520 3399 1821 3488 ούρανοῦ.
1912 3404 2025 3471 ἐπὶ
2070 3408 2233 3488 μιᾶς
2284 3404 2358 3470 δέ
2399 3429 2587 3481 τινος

443 3503 629 3594 εὐχῆς
670 3511 777 3574 καὶ
827 3501 1211 3594 ἀποροῦντα
1258 3502 1457 3574 αὖτόν
1504 3505 1923 3593 ἐθεασάμην·
1984 3507 2101 3573 δύο
2151 3506 2277 3593 γὰρ
2324 3500 2586 3591 ἀνδρῶν

438 3607 758 3730 τάναντία
805 3607 1169 3694 εὐχομένων
1212 3613 1324 3676 καὶ
1384 3608 1504 3688 τὰς
1549 3610 1703 3687 ἰ’σας
1746 3615 1997 3687 θυσίας
2040 3606 2585 3692 ὑπισχνουμένων

441 3706 556 3779 οὐκ
603 3708 770 3794 εἶχεν
827 3707 1134 3839 ὃποτέρφ
1189 3714 1447 3796 μᾶλλον
1504 3711 1912 3779 ἐπινεύσειεν
1966 3705 2213 3791 αὐτῶν,
2281 3702 2454 3777 ω’στε
2500 3711 2581 3799 δὴ

441 3814 515 3882 τὸ
553 3808 1038 3903 Ἀκαδημαικὸν
1086 3813 1291 3881 ἐκεῖνο
1354 3813 1730 3882 ἐπεπόνθει
1778 3817 1888 3880 καὶ
1948 3813 2137 3879 οὐδέν
2184 3840 2249 3879 τι
2308 3806 2693 3900 ‹inoff-⁷8³

444 3922 698 3983 νασθαι
755 3916 1035 3995 δυνατὸς
1091 3902 1202 4005 ῆν,
1259 3910 1409 3982 ἀλλ’
1463 3909 1690 4002 ὥσπερ
1750 3913 1784 3981 0‘
1833 3916 2118 4001 Πύρρων
2177 3914 2436 3998 ἐπεῖχεν
2481 3914 2585 3983 ε’τι

339 4024 416 4082 26
443 4020 553 4085 καὶ
599 4018 1041 4085 διεσκέπτετο.
1132 4023 1234 4085 26.
1283 4020 1433 4086 ἐπεὶ
1468 4018 1539 4085 δὲ
1588 4020 1826 4095 ἱκανῶς
1857 4017 2251 4107 ἐχρημάτισε
2290 4030 2441 4095 ταῖς
2472 4010 2582 4084 εὗ·-
