2750 4534
893 261 1172 316 ΤΟΞΑΡΙΣ
1206 261 1250 315 Η
1285 261 1485 314 mmm.
2208 259 2289 318 81

125 429 320 514 χάριν
355 427 500 513 ἐμοὶ
531 426 882 516 ὁμολογεῖν
929 423 1041 518 ἐφ’
1080 428 1184 508 οἷς
1213 429 1475 515 ἔπραξα
1510 429 1774 507 τούτοις
1804 428 2068 497 τοιόνδε
2113 429 2293 498 ἐστὶν

133 527 367 617 ὥσπερ
412 519 494 598 &v
541 529 601 598 εἰ
644 528 681 618 ἡ
720 528 1038 618 ἀριστερά
1083 557 1211 614 μου
1250 532 1449 618 χάριν
1494 531 1702 619 εἰδείη
1747 534 1827 618 τῇ
1860 530 2064 619 δεξιᾷ,
2114 532 2293 600 διότι

129 627 517 715 τρωθεῖσάν
563 659 732 700 ποτε
779 627 980 720 αὐτὴν
1027 632 1447 720 ἐθεράπευσε
1502 635 1615 700 καὶ
1660 633 2090 721 φιλοφρόνως
2134 631 2293 701 ἐπε-

127 734 395 823 μελήθη
441 735 836 824 καμνούσης.
910 737 1139 822 γελοῖα
1183 741 1406 803 τοίνυν
1450 738 1562 802 καὶ
1606 731 1799 854 ἡμεῖς
1844 761 1925 801 αν
1955 749 2289 819 ποιοῖμεν,

131 835 186 901 εἰ
231 836 457 904 πάλαι
501 833 986 921 ἀναμιχθέντες
1030 840 1140 904 καὶ
1190 832 1284 915 ὥς
1328 836 1475 904 οἶόν
1517 861 1592 903 τε
1634 823 1714 923 ἦν
1760 836 1856 914 εἰς
1900 835 2016 903 ε’να
2061 839 2292 903 συνελ-

129 938 436 1016 θόντες’
415 939 514 1006 ε’τι
542 944 712 1025 μέγα
744 939 1125 1023 νομίζοιμεν
1156 935 1348 1019 εἶναι,
1398 937 1457 1005 εἰ
1486 937 1563 1006 τὸ
1595 943 1799 1026 μέρος
1826 934 2013 1027 ἡμῶν
2044 937 2292 1024 ἑπραξέ

131 1065 193 1104 τι
245 1039 537 1128 χρηστὸν
593 1037 764 1127 ὑπὲρ
823 1033 982 1107 ολου
1047 1043 1166 1106 τοῦ
1225 1038 1571 1124 σώματος·
1640 1037 1811 1126 ὑπὲρ
1870 1039 2109 1108 ἑαυτοῦ
2164 1042 2291 1128 γὰρ

43 1141 152 1199 5⁵9³
134 1139 423 1228 έπραττε
465 1146 666 1226 μέρος
724 1167 802 1208 ον
857 1145 975 1209 τοῦ
1020 1133 1180 1208 όλου
1239 1166 1310 1208 ευ
1357 1142 1751 1225 πάσχοντος.
1824 1135 2036 1220 ούτως
2086 1144 2205 1224 μὲν
2251 1139 2286 1210 5

131 1247 488 1330 Μακέντης
534 1269 662 1332 εφη
708 1246 805 1330 τιῦ
841 1236 1233 1332 Ἀρσακόμᾳ
1272 1242 1468 1331 χάριν
1513 1239 2022 1332 ὁμολογήσαντι.
2100 1252 2202 1312 54.
2249 1242 2285 1313 5
2316 1249 2397 1306 54

133 1343 200 1410 δὲ
254 1339 676 1430 Ἀδύρμαχος
742 1342 834 1423 ὥς
896 1341 1137 1434 ἤκουσε
1201 1346 1320 1434 τὴν
1390 1345 1786 1433 ἐπιβουλήν,
1856 1345 1924 1423 ἐς
1987 1346 2109 1429 μὲν
2173 1349 2290 1414 τὸν

131 1445 499 1532 Βόσπορον
545 1440 762 1515 οὗκέτι
809 1433 1022 1528 ηλθεν
1067 1486 1147 1496 -
1193 1443 1317 1536 ἤδη
1363 1447 1490 1534 γὰρ
1528 1441 1855 1532 Εὐβίοτος
1897 1432 2090 1536 ἦρχεν
2136 1447 2289 1516 ἐπι-

133 1550 410 1638 κληθεὶς
455 1548 524 1616 ἐκ
553 1553 1022 1637 Σαυροματῶν,
1068 1543 1238 1636 παρ’
1292 1549 1396 1628 οῖς
1440 1549 1766 1634 διέτριβεν
1812 1585 1893 1598 -
1939 1548 2007 1627 ἐς
2053 1549 2124 1616 δὲ
2170 1551 2289 1638 τὴν

135 1643 332 1718 αὐτοῦ
393 1649 791 1716 ἐπανελθὼν
855 1653 967 1717 καὶ
1027 1649 1347 1736 στρατιὰν
1413 1649 1670 1740 πολλὴν
1731 1648 2115 1736 συναγαγών
2176 1650 2287 1717 δια

132 1755 244 1836 τῆς
303 1747 570 1838 ὀρεινῆς
628 1753 968 1837 εἰσέβαλεν
1027 1751 1094 1830 ἐς
1137 1751 1256 1838 τὴν
1301 1757 1636 1820 Σκυθίαν·
1696 1755 1808 1818 καὶ
1866 1747 1901 1818 5
1965 1751 2291 1836 Ευβίοτος

134 1848 202 1920 οὗ
253 1880 428 1939 μετα
487 1854 661 1920 πολὺ
719 1858 831 1922 καὶ
890 1848 1084 1933 οὗτος
1143 1853 1487 1920 εἰσέπεσεν
1550 1849 1727 1939 ἄγων
1773 1855 2107 1942 πανδημεὶ
2167 1855 2289 1938 μὲν

133 1955 280 2033 τοὺς
307 1949 657 2044 Ἕλληνας,
716 1953 1038 2034 Ἀλανοὺς
1097 1956 1168 2022 δὲ
1225 1959 1332 2023 καὶ
1395 1955 1836 2041 Σαυρομάτας
1894 1954 2289 2045 ἐπικλήτους

136 2056 476 2143 ἑκατέρους
543 2059 961 2142 δισμυρίους·
1030 2052 1469 2142 ἀναμίξαντες
1536 2058 1609 2125 δὲ
1672 2058 1757 2124 τὰ
1824 2059 2289 2146 στρατεύματα

135 2155 166 2224 5
223 2156 550 2245 Εὐβίοτος
604 2163 716 2228 καὶ
775 2158 809 2227 5
863 2154 1307 2246 Ἀδύρμαχος,
1375 2159 1563 2227 ἐννέα
1617 2160 1937 2246 μυριάδες
1994 2159 2287 2240 ἅπαντες

138 2259 428 2346 ἐγένοντο
473 2265 585 2329 καὶ
632 2261 883 2329 τούτων
925 2261 1000 2328 τὸ
1033 2268 1260 2350 τρίτον
1307 2255 1779 2339 ἱπποτοξόται.
1850 2258 2041 2346 ἡμεῖς
2086 2261 2158 2327 δὲ
2204 2299 2286 2311 —-

136 2367 236 2432 καὶ
280 2363 407 2450 γὰρ
455 2360 656 2442 αὐτὸς
700 2369 1015 2447 μετέσχον
1059 2366 1178 2449 τῆς
1211 2361 1446 2441 ἐξόδου
1494 2360 1722 2442 αύτοῖς
1766 2356 2044 2440 ἐπιδοὺς
2088 2362 2157 2429 ἐν
2200 2368 2287 2452 τῇ

137 2460 334 2553 βύρσῃ
383 2459 537 2532 τότε
582 2467 837 2542 ἱππέας
882 2458 1258 2542 αὐτοτελεῖς
1301 2464 1536 2532 ἑκατόν
1580 2503 1661 2512 -
1708 2459 1783 2530 οὗ
1815 2465 2048 2550 πολλῷ
2094 2465 2286 2532 ἔλατ-

136 2591 244 2632 τον
315 2570 451 2633 τῶν
516 2574 924 2654 τρισμυρίων
1000 2565 1118 2633 σὺν
1191 2580 1333 2644 τοῖς
1402 2567 1725 2632 ἱππεῦσιν
1792 2560 2285 2650 ἀθροισθέντες

137 2661 543 2752 ὑπεμένομεν
586 2668 712 2758 τήν
744 2669 1021 2756 ἔφοδον·
1069 2662 1465 2754 ἐστρατήγει
1498 2667 1571 2734 δὲ
1601 2663 1635 2732 5
1662 2660 2103 2752 Ἀρσακόμας.
2174 2671 2283 2735 καὶ

138 2760 365 2859 ἐπειδὴ
413 2771 826 2857 προσιόντας
870 2770 1133 2853 ε’ίδομεν
1167 2763 1425 2849 αὐτούς,
1470 2762 1931 2855 ἀντεπήγομεν
1974 2793 2284 2856 προεπα-

141 2875 368 2954 φέντες
410 2871 489 2938 τὸ
525 2871 829 2940 ἱππικόν.
902 2876 1256 2995 γενομένης
1301 2871 1373 2937 δὲ
1414 2865 1531 2938 ἐπὶ
1576 2869 1752 2936 πολυ
1797 2869 2009 2958 μάχης
2052 2896 2284 2957 καρτε-

140 2975 250 3056 ρᾶς
309 2968 606 3042 ἐνεδίδου
663 2969 788 3062 ἤδη
850 2973 934 3041 τὰ
997 2971 1279 3061 ἦμέτερα
1333 2975 1446 3040 καὶ
1504 2972 2000 3060 παρερρήγνυτο
2060 2970 2097 3058 ἦ
2138 2974 2285 3100 ‘cpti-

141 3072 318 3192 λαγξ,
377 3077 486 3142 καὶ
534 3077 725 3153 τέλος
781 3075 849 3153 ἐς
894 3075 1011 3141 δύο
1059 3075 1338 3162 διεκόπη
1399 3072 1473 3141 τὸ
1523 3072 1855 3141 Σκυθικὸν
1902 3067 2115 3155 άπαν,
2172 3077 2285 3141 καὶ

141 3172 205 3238 τὸ
252 3176 374 3259 μὲν
416 3171 791 3265 ὑπέφευγεν
849 3173 925 3243 οὗ
972 3176 1149 3242 πάνυ
1197 3178 1434 3261 σαφῶς
1480 3170 1871 3263 ἡττημένον,
1921 3168 2070 3240 ἀλλ’
2125 3171 2286 3242 ἁνα-

137 3275 417 3365 χώρησις
475 3272 688 3346 εδόκει
756 3273 794 3362 ἦ
859 3276 1069 3366 φυγή·
1137 3270 1290 3344 ουδὲ
1346 3275 1473 3362 γὰρ
1534 3276 1600 3342 οἱ
1648 3270 1925 3342 ’Λλανοὶ
1985 3273 2286 3358 ἐτόλμων

143 3374 244 3444 ἐπὶ
291 3378 466 3445 πολὺ
515 3379 804 3447 διώκειν·
855 3378 932 3447 τὸ
983 3379 1055 3446 δὲ
1097 3378 1330 3467 ἥμισυ,
1376 3371 1548 3465 ὅπερ
1591 3379 1705 3443 καὶ
1750 3377 2043 3457 ἔλαττον,
2091 3400 2286 3458 περι-

144 3478 398 3558 σχόντες
466 3482 530 3547 οἱ
589 3475 868 3548 Ἀλανοὶ
940 3483 1050 3548 καὶ
1120 3475 1439 3563 Μάχλυες
1504 3480 1787 3546 ἔκοπτον
1855 3477 2286 3561 πανταχόθεν

145 3571 462 3665 ἆφθόνως
509 3577 821 3671 ἀφιέντες
876 3590 1008 3650 τῶν
1054 3583 1300 3649 οἰστῶν
1343 3584 1459 3648 καὶ
1504 3575 1846 3661 ἀκοντίων,
1890 3573 2062 3648 ὥστε
2106 3583 2284 3649 πάνυ

65 3677 497 3751 ὁθοέπονοῦντο
553 3681 740 3772 ἡμῶν
801 3686 866 3751 οἱ
912 3689 1453 3771 περιεσχημένοι,
1512 3685 1623 3749 καὶ
1679 3678 1804 3770 ἤδη
1851 3685 2167 3770 προΐεντο
2220 3686 2285 3752 οἱ

145 3784 376 3850 πολλοὶ
421 3783 505 3850 τὰ
551 3778 753 3852 ὅπλα.
845 3792 946 3854 55.
995 3784 1062 3852 ἐν
1105 3785 1369 3862 τούτοις
1417 3785 1488 3850 δὲ
1532 3786 1641 3850 καὶ
1689 3779 1724 3849 5
1770 3783 2129 3873 Λογχάτης
2171 3788 2284 3854 καὶ
2311 3793 2387 3851 55
2432 3867 2439 3875 ἱ

147 3876 176 3946 5
230 3890 584 3974 Μακέντης
645 3886 871 3970 ἔτυχον
926 3882 1114 3964 ὄντες
1165 3889 1276 3953 καὶ
1329 3885 1686 3973 ἐτέτρωντο
1746 3880 1871 3974 ἤδη
1931 3887 2286 3972 προκινδυ-

150 3983 461 4070 νεύοντες,
519 3985 554 4056 5
604 3989 723 4071 μὲν
771 3991 1243 4077 πυρακτωθεὶς
1292 3986 1409 4055 τὸν
1462 3986 1674 4077 μηρὸν
1718 3983 1754 4053 5
1802 3988 2187 4078 Λογχάτης,
2246 3986 2281 4057 5

241 4093 404 4142 melan
435 4097 495 4142 11.
524 4098 565 4142 2.
1942 4093 1973 4142 6
