2750 4534
1089 272 1359 326 ΕΡΩἸῈΣ.
2221 274 2301 332 23

157 441 480 524 ἑπωμίοις
535 440 858 524 περόναις
913 442 1270 528 συρράψας
1324 436 1464 510 άπὸ
1524 446 1643 530 τῆς
1694 443 2019 529 πατρῴας
2077 443 2307 524 ἑστίας

155 543 481 628 ἐξέρχεται
522 542 704 610 κάτω
747 543 1045 632 κεκυφώς
1104 547 1217 611 καὶ
1260 545 1511 632 μηδένα
1554 547 1689 611 τῶν
1734 537 2188 612 άπαντώντων
2234 546 2309 626 ἐξ

158 644 452 713 ἐναντίου
525 647 1006 730 προσβλέπων·
1099 640 1474 714 ἀκόλουθοι
1546 647 1619 712 δὲ
1692 649 1806 713 καὶ
1872 645 2301 734 παιδαγωγοὶ

150 747 342 830 χορὸς
374 741 557 834 αὐτῷ
601 747 882 831 κόσμιος
926 747 1207 815 ἕπονται
1249 747 1334 814 τὰ
1367 747 1576 831 σεμνὰ
1620 751 1741 837 τῆς
1774 741 2011 839 ἀρετῆς
2056 749 2125 816 ἐν
2153 775 2305 836 χερ-

157 852 256 914 σὶν
299 844 552 936 ὄργανα
607 853 1032 934 κρατοῦντες,
1093 843 1168 916 οὗ
1228 853 1519 933 πριστοῦ
1573 849 1801 928 κτενὸς
1856 849 2137 935 ἐντομὰς
2189 851 2306 919 κό-

155 977 277 1038 μην
319 950 736 1038 καταψήχειν
790 952 1158 1035 δυναμένας
1206 944 1360 1018 οῦδὲ
1418 951 1748 1039 εἲσοπτρα
1791 955 1926 1018 τῶν
1986 948 2302 1038 ἀντιμόρ-

157 1077 296 1139 φων
348 1052 785 1140 χαρακτήρων
840 1048 1184 1142 ἀγράφους
1229 1053 1519 1134 εἰκόνας,
1580 1047 1735 1119 ἀλλ>
1796 1043 1840 1142 ἢ
1884 1054 2303 1137 πολύπτυχοι

157 1155 368 1222 δέλτοι
427 1155 720 1223 κατόπιν
779 1150 1267 1223 ἀκολουθοῦσιν
1331 1145 1375 1245 ἢ
1434 1158 1745 1224 παλαιῶν
1800 1155 2007 1240 ἔργων
2064 1150 2307 1243 ἆρετὰς

159 1257 613 1342 φυλάττουσαι
677 1261 933 1343 βίβλοι,
999 1261 1111 1325 καὶ
1183 1248 1264 1324 ὃν
1325 1257 1391 1336 ἐς
1453 1262 1775 1343 μουσικοῦ
1848 1259 1963 1346 δέῃ
2034 1264 2301 1347 φοιτᾶν,

72 1371 142 1421 448
158 1353 425 1447 εὖμελὴς
462 1359 646 1446 λύρα.
721 1367 823 1426 45.
871 1363 1048 1427 πᾶσι
1091 1361 1162 1427 δὲ
1193 1373 1336 1438 τοῖς
1367 1360 1777 1449 φιλοσόφοις
1819 1364 2038 1450 ψυχῆς
2066 1361 2297 1448 μαθή-
2328 1371 2407 1428 45

153 1485 311 1543 μασι
357 1465 670 1548 λιπαρῶς
731 1457 1144 1552 ἐναθλήσας,
1206 1462 1484 1530 ἐπειδὰν
1542 1459 1582 1552 ἡ
1630 1464 1899 1530 διάνοια
1942 1466 2074 1531 τῶν
2121 1463 2304 1548 ἐγκυ-

153 1565 342 1630 κλίων
387 1559 674 1650 ἀγαθῶν
715 1567 1033 1651 κορεσθῇ,
1077 1564 1155 1631 τὸ
1206 1567 1403 1649 σῶμα
1445 1578 1595 1642 ταῖς
1640 1563 2055 1649 ἐλευθερίοις
2098 1559 2304 1650 domj-

155 1689 332 1734 σεσιν
377 1666 680 1733 ἐκπονεῖ·
743 1669 1077 1734 Θεσσαλοὶ
1130 1664 1256 1752 γὰρ
1299 1667 1513 1733 ἵπποι
1556 1669 1873 1749 μέλουσιν
1919 1661 2131 1752 αὐτῷ·
2190 1669 2301 1733 καὶ

151 1768 349 1853 βραχύ
409 1768 534 1857 τὴν
590 1768 868 1857 νεότητα
925 1769 1463 1857 πωλοδαμνήσας
1522 1768 1589 1836 ἒν
1637 1769 1859 1857 εἰρήνῃ
1918 1771 2163 1858 μελετᾷ
2215 1769 2303 1834 τὰ

155 1869 484 1956 πολεμικὰ
544 1866 824 1949 ἄκοντας
882 1865 1112 1960 ἆφιεὶς
1167 1873 1279 1938 καὶ
1335 1874 1495 1960 βέλη
1556 1864 1649 1938 δι’
1704 1866 2016 1956 εύστόχου
2076 1871 2304 1950 δεξιᾶς

154 1966 594 2040 ἆποπάλλων.
671 1967 813 2040 εἶθ’
853 1974 925 2040 αἱ
958 1977 1243 2059 λιπαραὶ
1281 1975 1715 2060 παλαῖστραι,
1762 1976 1873 2040 καὶ
1907 1972 2081 2058 πρὸς
2109 1971 2304 2063 ἡλίου

153 2073 600 2164 μεσημβρινὸν
664 2074 942 2153 θάλπος
1007 2074 1374 2162 ἓγκονίεται
1437 2075 1513 2143 τὸ
1578 2080 1771 2159 σῶμα
1828 2075 2301 2160 πυκνούμενον,

154 2177 220 2242 οἵ
267 2203 340 2244 τε
405 2181 546 2244 τῶν
612 2176 984 2261 ἐναγωνίων
1057 2177 1286 2244 πόνων
1353 2173 1935 2259 άποσταλάζοντες
2008 2179 2303 2265 ἱδρῶτες,

155 2273 312 2361 μεθ’
379 2279 501 2356 οὓς
551 2278 794 2366 λουτρὰ
856 2280 1148 2365 σύντομα
1206 2283 1316 2347 καὶ
1362 2280 1663 2366 τράπεζα
1718 2285 1801 2367 τῇ
1844 2280 2013 2364 μετὰ
2069 2279 2305 2365 μικρὸν

159 2377 578 2471 ἐπινήφουσα
625 2381 899 2468 πράξει·
946 2382 1157 2449 πάλιν
1201 2383 1327 2469 γὰρ
1361 2377 1541 2469 αύτῶ
1585 2382 1979 2451 διδάσκαλοι
2022 2385 2135 2449 καὶ
2168 2409 2307 2448 πα-

160 2485 356 2550 λαιῶν
404 2483 616 2571 ε’ργων
663 2484 1118 2569 αἰνιττόμεναι
1163 2489 1276 2552 καὶ
1313 2485 1834 2569 ἐπιμελούμεναι
1878 2489 2151 2572 μνῆμαι,
2196 2491 2319 2562 τίς

161 2577 530 2673 ἀνδρεῖος(
498 2580 677 2672 ήρως
726 2576 770 2674 ἢ
811 2593 917 2665 τίς
959 2586 1074 2654 ἐπὶ
1123 2609 1446 2676 φρονήσει
1489 2585 2027 2673 μαρτυρούμενος
2076 2574 2117 2672 ἢ
2166 2583 2303 2652 οἷοι

159 2685 576 2776 δικαιοσύνην
621 2690 730 2755 καὶ
778 2688 1217 2811 σωφροσύνην
1259 2683 1701 2808 ἠσπάσαντο.
1754 2687 2101 2766 τοιαύταις
2147 2680 2300 2772 ἄρε-

158 2803 298 2868 ταῖς
343 2787 616 2876 ἁπαλὴν
673 2790 774 2858 ε’τι
831 2789 952 2879 τὴν
993 2790 1211 2880 ψυχὴν
1270 2790 1614 2875 επάρδων,
1674 2783 1835 2857 όταν
1881 2789 2135 2874 ἑσπέρα
2176 2788 2300 2879 τὴν

161 2893 397 2975 πρᾶξιν
431 2888 646 2980 ὁρίσῃ,
689 2895 774 2979 τῇ
801 2891 1090 2978 γαστρὸς
1127 2886 1374 2979 ἀνάγκῃ
1418 2891 1537 2958 τὸν
1568 2885 2009 2980 ὀφειλόμενον
2039 2890 2299 2976 δασμὸν

161 2993 604 3082 ἐπιμετρήσας
661 2991 894 3082 ἡδίους
947 2986 1198 3073 ῧπνους
1252 2993 1573 3062 καθεύδει
1626 3007 1774 3072 τοῖς
1816 2989 1981 3060 καθ’
2044 2991 2299 3083 ἡμέραν

160 3092 478 3181 καμάτοις
523 3097 872 3186 ἑπηρεμῶν
915 3095 1370 3185 [ἑπίφθονον].
1447 3102 1548 3164 46.
1592 3103 1699 3175 τίς
1730 3091 1845 3164 οὐκ
1890 3087 1973 3163 ἂν
2016 3096 2297 3183 ἐραστὴς
2325 3104 2405 3160 46

162 3196 403 3288 ἐφήβου
460 3201 720 3286 γένοιτο
776 3199 1086 3266 τοιούτου
1101 3229 1121 3282 ,·
1186 3206 1322 3267 τίνι
1381 3191 1444 3265 δ’
1512 3191 1687 3266 οῧτω
1742 3201 1995 3288 τυφλαὶ
2050 3199 2173 3283 μὲν
2230 3201 2300 3266 αἱ

161 3305 282 3366 τῶν
325 3298 649 3387 ὀμμάτων
689 3303 908 3386 βολαί,
962 3304 1168 3390 πηροὶ
1215 3301 1287 3367 δὲ
1333 3302 1401 3368 οἱ
1444 3305 1563 3388 τῆς
1608 3302 1911 3379 διανοίας
1956 3301 2303 3387 λογισμοί,·

164 3407 300 3483 πῶς
345 3399 410 3471 δ’
463 3398 579 3471 οὐκ
625 3394 707 3472 ἷέν
741 3399 1089 3493 ἀγαπήσαι
1131 3403 1249 3470 τὸν
1295 3403 1363 3472 ἐν
1402 3405 1858 3489 παλαίστραις
1899 3403 2021 3487 μὲν
2045 3399 2299 3488 Ἑρμῆν,

81 3497 548 3574 449Ἀπόλλωνα
595 3507 667 3572 δὲ
699 3506 767 3573 ἐν
799 3507 1044 3593 λύραις,
1093 3499 1443 3591 ἱππάστὴν
1491 3501 1685 3582 δὲῶς
1715 3503 2052 3589 Κάστορα,
2099 3508 2303 3582 θείας

168 3606 232 3672 δὲ
274 3602 514 3694 ἀρετὰς
557 3608 670 3676 διὰ
713 3613 972 3698 θνητοῦ
1017 3608 1342 3676 διώκοντα
1388 3607 1731 3693 σώματος,·
1776 3600 1927 3672 ἀλλ’
1966 3605 2114 3689 ἐμοὶ
2157 3611 2299 3689 μέν,

167 3707 467 3793 δαίμονες
525 3705 858 3794 οὐράνιοι,
918 3716 1068 3796 βίος
1124 3710 1224 3798 ε’ίη
1285 3708 1585 3799 διηνεκὴς
1642 3703 1865 3789 οὗτος,
1927 3700 2302 3793 ἀπαντικρύ

165 3814 274 3877 τοῦ
319 3815 520 3902 φίλου
561 3811 980 3892 καθέζεσθαι
1036 3816 1146 3880 καὶ
1193 3814 1485 3900 πλησίον
1526 3807 1651 3899 ἡδὺ
1699 3812 2059 3888 λαλοῦντος
2104 3803 2304 3876 άκού·

170 3937 286 3994 ειν,
332 3913 575 3993 ἐξιόντι
620 3915 691 3986 δὲ
737 3909 920 4002 αυτῷ
966 3915 1331 3993 συνεξιέναι
1373 3917 1487 3982 καὶ
1532 3913 1788 3992 παντὸς
1831 3911 2022 4000 ε’ργου
2066 3938 2307 3980 κοινω·

171 4021 306 4081 νίαν
365 4015 551 4100 ε’χειν.
629 4011 878 4096 εὔξαιτ’
945 4043 1024 4082 αν
1083 4013 1198 4082 οὖν
1243 4015 1410 4100 ερῶν
1466 4040 1570 4094 τις
1616 4008 1713 4083 δι’
1768 4013 2145 4081 ἆπταίστου
2190 4017 2305 4080 καὶ
