2750 4534
1100 254 1399 308 TOEARIS.
2204 256 2240 313 2
2251 262 2280 315 1
2295 261 2323 315 1

172 447 221 488 c.
252 434 309 489 2.
346 433 434 505 εἰς
479 454 530 493 τ.
582 440 694 495 Σκ.
737 427 763 513 11
806 432 869 506 ἐς
912 454 963 495 τ.
999 439 1111 493 Σκ.
1148 423 1351 489 ΩΓΒ
1401 464 1480 473 -—
1527 427 1668 492 ἀντὶ
1714 454 1763 493 τ.
1813 437 1874 493 θ.
1923 426 1944 511 1
1988 427 2116 493 ἀπὸ
2161 457 2210 496 τ.
2259 439 2326 495 θ.

163 1536 212 1578 c.
239 1525 300 1579 4.

159 1812 211 1902 ο.
240 1848 301 1903 5.

159 2372 211 2413 c.
242 2359 302 2413 6.

344 526 472 591 ΑΩ
520 568 602 577 --
646 529 932 596 θειάσετε
974 528 993 614 11
1034 529 1363 596 θεαάσειτε
1407 528 1458 590 Γ
1492 566 1571 575 -
1604 528 1790 607 ὑμῶν
1834 528 2063 597 θύσετε
2091 530 2110 614 11
2140 530 2327 610 ὑμῖν

342 629 587 698 οὖσιν
631 630 862 699 θύσετε
904 629 1009 695 ΓΒ

291 795 307 812 .
343 756 477 815 εἰπέ
522 749 541 835 1
582 754 756 835 εἴπερ
802 748 1031 814 ΑΩΓΒ
1077 790 1161 798 —-
1204 760 1268 817 τί
1312 750 1475 817 ἀλλο
1518 751 1536 834 11
1581 780 1641 818 τι
1686 751 1846 817 ἀλλο
1893 749 1960 814 Ω
2007 788 2088 797 -—
2133 752 2326 831 θεοὺς

338 878 466 919 νεν.
516 852 537 937 11
576 864 638 920 θ.
706 857 869 920 εἶναι
928 880 1143 933 νενομ.
1195 856 1250 917 Α
1297 890 1375 900 -
1437 862 1813 933 νενομίκατε
1917 854 2324 933 νενομικότες

337 951 406 1016 Ω
467 991 551 1002 -
609 958 835 1038 ὀλίγου
891 954 909 1039 11
965 958 1190 1038 ὀλίγον
1247 962 1301 1020 Α
1360 993 1444 1003 -
1505 963 1754 1039 ἱερείοις
1805 956 1824 1041 11
1867 962 2062 1040 ἱεροῖς
2117 955 2185 1019 Ω
2241 994 2324 1006 --

336 1126 601 1190 γενναῖα
643 1109 663 1197 1
705 1079 962 1207 χενναῖὲ
1002 1112 1133 1194 (sio)
1181 1114 1235 1173 A
1279 1147 1361 1157 —
1408 1117 1493 1189 εἰς
1537 1138 1590 1176 τ.
1641 1138 1702 1178 π.
1752 1110 1772 1195 11
1815 1115 1878 1190 ἐς
1921 1139 1971 1177 τ.
2033 1139 2094 1177 π.
2143 1111 2194 1173 Γ
2239 1149 2322 1159 ——

331 1210 565 1289 μόνων
606 1212 625 1297 11
666 1212 877 1291 μόνον
935 1211 1004 1275 Ω
1050 1248 1123 1257 —-
1190 1214 1301 1278 ἐπ’
1346 1214 1527 1300 αὐτῷ
1567 1211 1587 1298 1
1630 1216 1698 1279 ἐν
1744 1213 1923 1301 αὐτῷ
1963 1211 2144 1275 ΑΩΓ
2145 1219 2194 1277 Β
2239 1252 2322 1263 --

337 1313 795 1395 διαφεύξονται
836 1313 857 1398 11
901 1314 1412 1397 διαφυλάξονται
1456 1320 1511 1379 A
1554 1315 2060 1397 διαφυλάξονται
2103 1321 2149 1379 Β
2195 1325 2324 1384 δια-

339 1415 764 1496 φυλάξωνται
813 1415 861 1478 Γ
908 1456 989 1465 -

334 1516 436 1583 ὅτι
481 1517 568 1583 τὸ
614 1518 849 1597 σεμνὸν
957 1518 1056 1586 ὅτι
1100 1546 1180 1601 γε
1225 1540 1276 1587 σ.
1326 1523 1377 1582 Β
1425 1558 1504 1565 —-
1563 1524 1688 1585 ἐπὶ
1732 1530 1830 1607 τῷ
1874 1530 2019 1607 πλῷ
2062 1519 2080 1603 11
2123 1524 2207 1587 ἐν
2263 1548 2315 1588 τ.

334 1644 399 1685 π.
451 1616 628 1680 ΑΩΓ
676 1659 761 1669 -
806 1624 868 1699 ἐς
910 1620 1029 1687 τὸν
1059 1619 1321 1687 Πόντον
1354 1621 1377 1705 11
1413 1628 1498 1699 εἰς
1541 1648 1593 1687 τ.
1643 1632 1721 1688 Π.
1768 1620 1926 1684 ΑΓΒ
1980 1629 2066 1700 εἰς
2109 1620 2320 1689 τόπον

333 1718 405 1781 Ω
451 1758 533 1767 -·
578 1723 727 1789 οὐδὲ
757 1722 775 1806 11
806 1724 959 1789 οὐδ’
990 1728 1039 1786 Β
1074 1761 1151 1771 -
1189 1732 1321 1789 καὶ
1351 1734 1474 1790 τοῦ
1501 1723 1854 1808 Βοσπόρου
1885 1724 1906 1810 11
1935 1728 2014 1789 έκ
2044 1734 2166 1789 τοῦ
2196 1723 2318 1786 ΒΩ

336 1836 391 1903 ὦ
436 1850 631 1920 θαυμ.
679 1840 699 1924 11
742 1864 858 1905 om.
905 1840 959 1908 ὦ
1004 1844 1063 1907 Α
1108 1880 1191 1889 —-
1233 1851 1540 1927 κρίνομεν
1569 1843 1588 1927 11
1618 1850 2030 1927 διακρίνομεν
2074 1842 2198 1905 ΑΩ
2236 1880 2318 1891 —

332 1945 396 2007 εἴ
432 1969 499 2023 γε
540 1942 561 2027 11
604 1948 665 2009 εἴ
701 1947 815 2011 ts?
860 1943 929 2007 Ω
988 1982 1069 1993 ——
1126 1945 1343 2029 ὥσπερ
1401 1945 1568 2025 εἰκὸς
1621 1944 1704 2029 ἦν
1747 1946 1766 2030 11
1809 1968 1926 2009 om.
1984 1944 2065 2030 ἦν
2121 1945 2190 2009 Ω
2237 1984 2319 1993 -

330 2048 608 2129 ἑταίροις
653 2074 721 2127 γε
763 2046 783 2132 11
826 2051 907 2115 ετ.
971 2074 1038 2113 τε
1082 2052 1216 2129 (sio)
1273 2047 1450 2112 ΑΩΓ
1496 2088 1579 2100 --
1639 2055 1813 2131 ξένοι
1873 2047 2033 2133 ἦσαν
2077 2050 2096 2133 11
2139 2057 2190 2131 ξ.
2239 2076 2320 2116 τε

329 2144 425 2229 ἦσ.
477 2146 602 2211 ΑΩ
652 2186 733 2195 --
780 2146 965 2216 οὗτοι
1010 2150 1083 2235 δὴ
1125 2149 1147 2238 1
1190 2150 1262 2235 δὴ
1310 2148 1495 2218 οὗτοι
1541 2149 1610 2213 Ω
1655 2188 1736 2199 —-
1782 2162 1894 2234 τῆς
1937 2150 2128 2233 τύχης
2157 2151 2176 2235 11
2203 2173 2314 2217 om.

336 2260 449 2332 τῆς
494 2247 596 2312 ΓΒ

340 2351 679 2434 Ὀρέστειον
710 2352 729 2437 11
760 2354 1067 2437 Ὀρέστιον
1112 2353 1161 2415 Γ
1209 2390 1282 2399 —-
1336 2365 1535 2421 τοῦτο
1578 2355 1844 2437 μάθημα
1919 2365 2116 2420 τοῦτο
2159 2365 2314 2432 μαθ.

334 2457 391 2515 A
436 2464 677 2521 τοῦτον
720 2482 785 2534 μ.
831 2454 900 2518 Ω
951 2493 1035 2503 --
1092 2459 1359 2534 ἕκαστος
1404 2455 1485 2522 ἂν
1528 2455 1546 2539 11
1588 2477 1702 2519 om.
1749 2456 1832 2523 ἂν
1876 2454 2107 2518 ΑΩΓΒ
2159 2493 2230 2501 -
2279 2457 2316 2539 ἢ

336 2556 651 2638 Ἰφιγένεια
694 2557 714 2643 11
756 2558 1113 2641 Ἰφιγένειαν
1168 2580 1282 2623 om.
1342 2558 1378 2641 ἡ
1425 2557 1550 2622 ΑΩ
1606 2595 1690 2605 -—
1746 2562 1848 2625 ἐπὶ
1903 2586 1954 2625 τ.
2006 2562 2085 2624 έτ.
2144 2558 2316 2641 Hom.

334 2661 439 2723 έπὶ
482 2657 550 2722 Ω
594 2697 677 2707 —·
738 2662 917 2748 αὐτῷ
960 2660 979 2745 11
1020 2662 1240 2728 αὐτῶν
1282 2665 1333 2724 Β
1380 2700 1462 2709 -
1513 2660 1629 2746 τὴν
1671 2659 1817 2728 θύσ.
1926 2660 2044 2743 τὴν
2087 2664 2147 2723 in
2193 2682 2313 2725 ras.

331 2765 384 2823 B
429 2798 512 2809 —-
557 2768 872 2843 πλέοντος
915 2763 933 2846 ΙΙ
976 2769 1281 2843 πλέοντες
1323 2762 1394 2827 Ω
1439 2802 1521 2811 -
1565 2763 2144 2848 ἐκκρεμαννύμενοι
2173 2762 2196 2847 11
2221 2767 2318 2829 έκ-

331 2865 859 2947 κρεμαννύμενον
888 2871 943 2929 A
974 2866 1426 2949 ἐκκρεμάμενοι
1457 2865 1526 2929 Ω
1569 2904 1654 2915 --
1698 2868 1918 2933 αὐτῶν
1959 2894 2052 2949 τρ.
2088 2866 2106 2949 11
2135 2866 2315 2932 αὐτῶ

332 2968 389 3026 Α
435 3004 514 3013 --
561 2968 1000 3051 ἀπονήχονται
1044 2966 1062 3053 11
1105 2967 1506 3051 ἀπενήχοντο
1553 2967 1622 3031 Ω
1667 3005 1748 3015 -—
1803 2978 2107 3052 πεποίηκε
2152 2968 2170 3051 11
2212 2995 2317 3033 πε-

330 3078 599 3152 ποίηκεν
643 3066 697 3131 Γ
738 3106 823 3116 --
869 3071 1231 3149 ἀμελοῦντα
1274 3070 1293 3155 11
1336 3072 1672 3138 ἀθλοῦντα
1702 3070 1829 3135 ΑΩ
1872 3108 1955 3119 -
1999 3076 2254 3159 θατέρῳ
2298 3070 2318 3155 11

331 3171 590 3256 θεάτρω
648 3171 717 3235 Ω
784 3210 867 3220 -
919 3178 1258 3251 τιθέμενον
1316 3173 1335 3257 11
1388 3180 1666 3253 θέμενον
1722 3172 1791 3237 Ω
1851 3212 1935 3221 ·—-
1991 3178 2240 3240 ἐκεῖνον

335 3280 585 3341 ἐκείνου
630 3273 855 3357 Α,ΩῬ·
1838 3264 1843 3277 ’

284 3442 298 3457 .
332 3396 595 3462 εὔνοιαν
640 3392 658 3478 11
702 3398 962 3463 ἔννοιαν
1006 3397 1061 3456 Α
1118 3434 1198 3443 -
1259 3400 1502 3480 ἔρωτος
1544 3398 1564 3483 11
1607 3400 1850 3479 ἔρωτας
1893 3394 1961 3459 Ω
2026 3432 2098 3442 -
2163 3396 2306 3463 ὃπλ.

334 3501 425 3580 εἴη
467 3496 487 3583 1
532 3498 677 3565 ὃπλ.
728 3501 889 3564 εἶναι
935 3496 1003 3561 Ω
1060 3534 1144 3545 -—
1202 3500 1313 3565 ἐπ’
1358 3502 1494 3583 ἴσης
1535 3498 1555 3583 1
1597 3502 1815 3583 ἐπίσης
1858 3502 1913 3561 Α
1959 3536 2040 3545 -
2083 3525 2314 3565 κοινω-

331 3599 600 3683 νήσουσι
643 3600 661 3685 11
703 3600 1222 3684 κοινωνήσουσιν
1269 3597 1319 3662 Γ
1374 3599 1726 3684 κοινωνήσι
1775 3604 1905 3679 (sio)
1952 3599 2021 3663 Ω
2079 3637 2161 3648 --
2205 3608 2314 3667 καὶ

329 3701 565 3785 μικρόν
608 3730 669 3768 τι
713 3700 732 3787 1
774 3724 887 3767 om.
931 3730 991 3769 τι
1036 3707 1085 3765 Β
1135 3740 1213 3750 -
1260 3710 1316 3789 εἰ
1356 3708 1424 3769 δέ
1465 3731 1526 3769 τι
1569 3701 1588 3785 11
1631 3710 1687 3768 εἰ
1728 3710 1793 3769 δε
1837 3729 1905 3783 γε
1934 3701 2046 3766 Q?
2082 3739 2155 3749 —-
2205 3704 2314 3769 α’ν-

329 3805 635 3888 τιπνεύσῃ
680 3804 699 3889 11
741 3833 779 3889 η
822 3809 885 3869 in
928 3828 1050 3869 ras·
1081 3805 1131 3868 Γ
1176 3805 1582 3873 ἀντιπνεύσει
1626 3803 1740 3868 ss?
1786 3844 1867 3855 —
1915 3813 2078 3889 εἰδῇς
2120 3804 2138 3891 11
2182 3810 2311 3871 sine

332 3939 353 3976 ι
398 3913 627 3973 subser.
672 3907 724 3970 Γ
768 3945 851 3956 -
897 3908 979 3975 ἄν
1022 3936 1118 3988 τις
1146 3907 1167 3993 11
1195 3908 1275 3975 ἄν
1319 3936 1380 3975 τι
1418 3912 1523 3971 ΑΒ
1570 3945 1652 3957 -
1698 3908 2082 3988 σεμνύναιτο
2112 3907 2312 3993 1σημ-

330 4012 563 4080 νύνετο
618 4010 670 4074 Γ
722 4050 807 4061 -
864 4013 1091 4079 αὐτοῖν
1136 4011 1155 4096 11
1198 4013 1416 4079 αὐτῶν
1471 4010 1700 4075 ΑΩΓΒ
1759 4050 1841 4059 -
1897 4021 2079 4098 φιλίᾳ
2127 4012 2150 4097 11
2195 4022 2311 4094 φία

1797 4118 1903 4169 14*
