2750 4534
905 273 1186 328 ΤΟΞΑΡΙΣ
1220 276 1264 328 Η
1301 274 1502 328 ΦΙΛΙΑ.
2197 272 2275 329 61

131 445 272 512 ἐπεὶ
315 441 574 533 ᾔσθετο
621 448 932 531 πονηρῶς
977 443 1212 525 ἔχοντα
1242 445 1354 509 καὶ
1386 443 1741 527 διάβροχον
1784 434 1907 529 ἤδη
1940 445 2036 528 τῷ
2083 441 2280 526 ἔρωτι

131 550 234 614 καὶ
290 546 569 632 τακερὸν
624 551 1082 633 γεγενημένον,
1140 539 1304 610 ἄλλο
1362 543 1481 610 ἐπὶ
1533 542 1799 620 τούτοις
1856 541 2120 609 ἐπενόει
2171 545 2281 608 καὶ

129 648 237 715 τὸν
281 644 530 716 ἄθλιον
576 643 924 714 ἆπώλλυε·
983 645 1161 714 κύειν
1217 670 1292 712 τε
1344 644 1471 732 γὰρ
1530 644 1603 723 ἐξ
1656 638 1861 712 αὐτοῦ
1913 643 2279 729 σκήπτεται

130 785 204 796 -
248 748 476 816 ἱκανὸν
533 749 606 816 δὲ
662 751 774 815 καὶ
833 751 1034 814 τοῦτο
1088 748 1305 831 βλᾶκα
1363 744 1647 833 ἐραστὴν
1714 749 2275 834 προσεκπυρῶσαι

131 889 204 898 -
246 854 355 917 καὶ
405 844 624 916 ούκέτι
668 847 912 936 ἐφοίτα
955 847 1130 932 πρὸς
1178 841 1381 914 αὐτὸν
1426 847 1895 934 φυλάττεσθαι
1943 842 2076 913 ὗπὸ
2124 840 2280 913 τάν-

132 951 279 1048 δρὸς
323 954 608 1037 λέγουσα
638 954 1074 1034 πεπυσμένου
1105 947 1223 1016 τὸν
1257 948 1507 1033 ἔρωτα·
1554 944 1589 1016 ὃ
1639 943 1703 1014 δ’
1756 941 1975 1018 οὗκέτι
2020 947 2165 1026 οἶός
2206 973 2280 1014 τε

131 1051 202 1135 ἠν
265 1058 496 1141 φέρειν
560 1053 637 1119 τὸ
705 1056 1016 1142 πρᾶγμα,
1085 1046 1240 1118 ουδὲ
1305 1045 1600 1135 τ’νείχετο
1666 1049 1754 1139 μὴ
1822 1047 1998 1136 ὁρῶν
2057 1045 2278 1140 αὐτήν,

134 1150 294 1222 ἀλλὰ
352 1153 628 1242 ἐδάκρυε
685 1159 794 1222 καὶ
856 1178 1013 1231 τους
1068 1153 1352 1230 κόλακας
1409 1153 1780 1238 εἰσέπεμπε
1835 1157 1945 1222 καὶ
1988 1178 2283 1237 τουνομα

49 1271 120 1321 52³
136 1262 242 1343 τῆς
283 1260 698 1341 Χαρικλείας
742 1256 1075 1341 ἐπεβοᾶτο
1133 1257 1244 1322 καὶ
1299 1255 1421 1344 τὴν
1466 1254 1691 1323 εἰκόνα
1734 1254 2119 1340 περιβαλών
2164 1250 2283 1322 αὗ-

135 1363 241 1446 τῆς
286 1397 361 1408 -
415 1359 788 1450 ἐπεποίητο
847 1358 918 1425 δὲ
977 1360 1180 1425 λίθου
1237 1360 1469 1426 λευκοῦ
1510 1393 1596 1404 -
1640 1355 1876 1423 ἐκώκυε
1930 1360 2044 1424 καὶ
2095 1359 2283 1436 τέλος

135 1461 519 1546 καταβαλών
593 1459 830 1528 ἑαυτὸν
907 1484 973 1538 ες
1043 1454 1385 1547 τουδαφος
1450 1457 1821 1525 εκυλίνδετο
1890 1461 2003 1525 καὶ
2077 1459 2280 1527 λύττα

134 1549 206 1650 ἦν
248 1557 525 1652 ἀκριβὴς
566 1563 642 1630 τὸ
691 1566 1001 1650 πρᾶγμα·
1057 1561 1142 1628 τὰ
1191 1563 1314 1644 μὲν
1368 1560 1495 1648 γὰρ
1542 1561 1722 1648 δῶρα
1767 1555 1844 1628 οὗ
1888 1560 2058 1627 κατὰ
2100 1564 2281 1650 μῆλα

136 1668 236 1732 καὶ
280 1665 658 1753 στεφάνους
702 1661 1089 1732 ἀντεδίδοτο
1136 1657 1330 1751 αυτῇ,
1377 1658 1550 1728 ἀλλὰ
1596 1670 1927 1731 συνοικίαι
1970 1656 2125 1729 ὅλαι
2168 1667 2280 1730 καὶ

138 1760 316 1853 ἀγροὶ
376 1770 492 1834 καὶ
546 1765 969 1851 θεράπαιναι
1024 1767 1134 1832 καὶ
1196 1764 1481 1854 ἐσθῆτες
1524 1759 1836 1843 εὐανθεῖς
1887 1769 1998 1832 καὶ
2038 1765 2282 1850 χρυσὸν

139 1864 386 1936 ὁπόσον
433 1868 764 1957 ἐθελήσει.
851 1870 962 1934 καὶ
1005 1873 1074 1934 τί
1114 1866 1277 1953 γάρ,·
1334 1866 1403 1933 ἐν
1444 1872 1678 1951 βραχεῖ
1721 1863 1756 1933 6
1803 1867 2138 1946 Λύσωνος
2182 1864 2282 1934 οἶ-

139 1995 238 2048 κος
298 1965 842 2055 ὀνομαστότατος
904 1972 1036 2035 τῶν
1104 1968 1174 2035 ἐν
1233 1962 1449 2056 Ἰωνίᾳ
1519 1969 1869 2054 γενόμενος
1904 1967 2283 2089 ἐξήντλητο

139 2067 250 2160 ἤδη
293 2075 406 2140 καὶ
461 2072 902 2151 ἐξεκεκένωτο.
996 2076 1095 2137 16.
1142 2067 1287 2137 εἶτα
1339 2066 1431 2148 ὥς
1484 2066 1609 2158 ἤδη
1672 2096 1832 2149 αυος
1888 2057 1986 2160 ἦν,
2034 2066 2277 2139 ἇπολι-
2314 2083 2387 2138 16

145 2178 369 2242 ποῦσα
417 2168 621 2241 αυτὸν
679 2169 880 2240 άλλον
936 2169 1087 2240 τινὰ
1134 2175 1366 2260 Κρῆτα
1426 2180 1767 2241 νεανίσκον
1820 2177 1953 2240 τῶν
1996 2169 2285 2260 ὑποχρύ-

147 2299 268 2344 σων
313 2275 534 2362 ἐθήρα
563 2277 674 2342 καὶ
718 2279 1103 2359 μετέβαινεν
1139 2267 1253 2340 ἐπ’
1307 2273 1555 2340 ἐκεῖνον
1583 2277 1696 2342 καὶ
1740 2269 1870 2360 ἤρα
1912 2270 2034 2362 ἤδη
2084 2268 2288 2341 αύτου

145 2371 430 2456 κάκεῖνος
475 2377 843 2444 ἐπίστευεν.
932 2369 1381 2459 ἀμελούμενος
1427 2371 1543 2442 οὖν
1588 2372 1623 2442 o‘
1669 2382 1949 2454 Δεινίας
1992 2370 2107 2458 οὐχ
2150 2372 2283 2443 ὑπὸ

148 2489 252 2566 τῆς
309 2480 720 2562 Χαρικλείας
776 2476 1012 2560 μόνον,
1079 2476 1251 2542 ἀλλὰ
1303 2480 1416 2544 καὶ
1470 2473 1605 2543 ὑπὸ
1661 2481 1795 2543 τῶν
1852 2476 2148 2544 κολάκων
2204 2515 2285 2524 -

147 2574 423 2648 κάκεῖνοι
477 2580 600 2666 γὰρ
661 2577 778 2646 ἐπὶ
833 2578 952 2645 τὸν
995 2582 1228 2699 Κρῆτα
1282 2574 1408 2667 ἤδη
1468 2577 1585 2645 τὸν
1642 2577 1969 2666 ἐρώμενον
2012 2581 2289 2664 μετελη-

151 2681 432 2748 λύθεσαν
481 2717 558 2728 -
606 2683 864 2765 ερχεται
908 2679 1097 2767 παρὰ
1143 2679 1261 2746 τὸν
1298 2674 1720 2766 Ἀγαθοκλέα
1771 2680 1885 2746 καὶ
1930 2673 2148 2745 πάλαι
2194 2681 2289 2744 εἰ-

151 2782 301 2849 δότα
332 2779 429 2860 ὥς
471 2783 609 2866 ε’χοι
631 2785 942 2870 πονηρῶς
985 2779 1069 2847 τὰ
1116 2781 1480 2869 πράγματα
1527 2775 1727 2867 αὐτῷ.
1817 2783 1927 2847 καὶ
1976 2779 2289 2864 αἰδούμε-

151 2909 250 2962 νος
275 2885 352 2952 τὸ
403 2887 674 2971 πρῶτον
705 2877 888 2968 ὅμως
919 2884 1208 2971 διηγεῖτο
1253 2882 1499 2964 πάντα,
1529 2881 1647 2950 τὸν
1679 2882 1913 2967 ἔρωτα,
1957 2881 2078 2968 τὴν
2111 2879 2290 2950 6710-

151 2991 321 3068 ρίαν,
383 2985 502 3073 τὴν
545 2982 932 3071 ὑπεροψίαν
987 2989 1106 3073 τῆς
1145 2985 1486 3071 γυναικός,
1545 2983 1664 3052 τὸν
1722 2979 2131 3074 ἀντεραστὴν
2174 2985 2291 3052 τὸν

151 3092 392 3176 Κρῆτα,
437 3090 550 3155 καὶ
593 3089 784 3166 τέλος
827 3112 921 3165 ως
965 3081 1041 3154 οὗ
1085 3087 1408 3172 βιώσεται
1451 3087 1539 3174 μὴ
1586 3081 1732 3170 οὐχὶ
1778 3087 1993 3155 συνών
2027 3091 2111 3176 τῇ
2140 3095 2293 3154 Χα-

154 3193 420 3277 ρικλείᾳ.
492 3185 527 3255 6
578 3189 650 3256 δὲ
700 3184 973 3274 ἄκαιρον
1018 3185 1192 3256 εἶναι
1223 3195 1505 3272 νομίσας
1550 3187 1619 3255 ἐν
1646 3189 1863 3276 τούτῳ
1896 3182 2291 3277 ἀπομνημο-

154 3289 350 3359 νεύειν
409 3294 507 3377 τῴ
550 3296 823 3378 Δεινίᾳ,
884 3290 1060 3358 διότι
1115 3284 1191 3357 οὗ
1250 3297 1575 3376 προσίετο
1633 3290 1839 3374 μόνον
1899 3285 2101 3357 αὐτὸν
2156 3294 2291 3356 τιῦν

73 3398 140 3449 521
155 3394 389 3477 φίλων,
437 3386 607 3458 ἄλλα
651 3391 809 3470 τοὺς
849 3391 1136 3469 κόλακας
1181 3385 1384 3459 αὐτοῦ
1440 3398 1795 3479 προετίμα,
1840 3392 1995 3460 τότε
2046 3391 2123 3479 ἣν
2165 3393 2292 3475 μό-

155 3518 254 3559 νον
311 3491 444 3578 εἶχε
499 3494 826 3615 πατρῴαν
895 3494 1113 3561 οἰκίαν
1178 3493 1246 3560 ἐν
1312 3494 1519 3580 Σάμῳ
1586 3488 2078 3582 ἀπεμπολήσας
2141 3487 2292 3580 ἧκεν

156 3587 323 3682 αύτῷ
357 3595 477 3684 τὴν
518 3594 717 3684 τιμὴν
757 3595 1045 3679 κομίζων
1088 3602 1244 3681 τρία
1286 3596 1602 3663 τάλαντα.
1676 3594 1899 3680 λαβὼν
1944 3596 2016 3661 δὲ
2061 3590 2096 3660 6
2130 3601 2291 3662 Δει-

156 3702 288 3774 νίας
347 3723 463 3764 ουκ
519 3691 782 3786 ἀφανὴς
841 3691 1046 3776 ευθυς
1102 3683 1181 3786 ἦν
1236 3701 1320 3786 τῇ
1377 3699 1753 3786 Χαρικλείᾳ
1809 3695 2013 3774 καλός
2070 3702 2292 3763 ποθεν

155 3793 294 3882 ἄρτι
344 3805 801 3888 γεγενημένος·
857 3803 970 3868 καὶ
1029 3797 1233 3878 αὖθις
1286 3797 1326 3889 ἦ
1385 3800 1561 3887 άβρα
1615 3803 1727 3868 καὶ
1780 3799 1864 3867 τὰ
1906 3803 2292 3888 γραμμάτια

153 3904 251 3968 καὶ
293 3909 570 3988 μέμψις,
618 3894 724 3970 ὅτι
770 3900 860 3990 μὴ
906 3903 1164 3970 πολλοῦ
1203 3903 1443 3991 χρόνου
1479 3904 1778 3990 α’φίκετο,
1824 3907 1937 3971 καὶ
1984 3904 2051 3970 οἱ
2095 3903 2293 3971 κόλα-

155 4025 249 4078 κες
313 4009 631 4072 συνέθεον
705 4003 1361 4092 ἐπικαλαμησόμενοι
1433 4001 1718 4091 ὁρῶντες
1792 4004 2119 4100 ἐδώδιμον
2194 4007 2294 4074 ἔτι
