2750 4534
393 243 520 303 182
1133 240 1513 297 Annorum
1549 242 1817 298 cmTch.

601 440 652 481 c.
691 423 763 480 12
811 415 902 481 ᾰπ
921 415 937 438 ’
983 422 1245 499 ἰσχυρᾶς
1299 408 1565 500 ἐντολῆς
1622 422 1681 479 et
1730 414 1861 481 ἀπὸ
1905 422 2174 500 ἰσχυροῦ
2216 415 2547 499 προστάγ-

599 546 831 601 ματος,
894 539 948 582 c.
1003 525 1074 581 13
1127 518 1450 599 α’μφίδοξα
1494 525 1557 582 et
1597 517 1761 599 λοξὰ
1804 526 2071 583 secutum
2112 540 2206 582 me
2250 540 2385 583 esse
2432 540 2543 582 eos

604 626 860 703 codices,
907 640 1056 700 quoe
1101 625 1277 685 etiam
1321 624 1470 683 alias
1514 625 1766 700 optimos
1810 641 1945 685 esse
1990 642 2407 701 cognoveram.

691 727 1046 803 Conspirant
1089 728 1150 787 in
1193 726 1309 787 hoc
1351 726 1593 803 dialogo
1634 726 1886 787 maxime
1916 726 2152 787 codices
2182 722 2360 789 QUI*
2389 729 2541 788 Mat.

965 1014 1372 1083 IUPPITER
1417 1011 1962 1083 TRAGOEDUS.

453 1221 616 1282 Gorl.
661 1217 733 1281 Α.
821 1223 1005 1283 Marc.
1053 1218 1231 1301 (434)
1273 1215 1363 1281 Ω.
1454 1222 1587 1281 Vat.
1639 1226 1739 1300 76,
1791 1226 1994 1283 1—38
2038 1222 2174 1281 vat.
2219 1224 2352 1298 (87)
2398 1220 2475 1282 21.

1011 1324 1148 1383 Vat.
1192 1322 1324 1399 (90)
1369 1318 1442 1383 Γ.
1530 1324 1736 1384 Mutin.
1781 1325 1925 1385 Mat.

391 1461 444 1504 c.
482 1446 534 1501 1.
601 1438 764 1505 κατὰ
791 1437 999 1517 μόνας
1030 1437 1054 1522 ΙΙ
1084 1437 1456 1517 καταμόνας
1485 1434 1609 1501 ΩΓ
1638 1446 1733 1507 76.
1760 1474 1840 1485 -
1867 1436 2095 1522 ὠχρός,
2124 1441 2543 1523 περιπατῶνΙ

603 1544 859 1605 deleto
904 1547 1266 1605 commate
1309 1543 1425 1604 Bk.
1469 1544 1547 1607 M.
1578 1542 1852 1619 Seyffert.
1884 1578 1966 1589 —
2002 1539 2228 1624 ἄραιτ’
2260 1540 2284 1625 ΙΙ
2314 1540 2541 1624 (ἔροιτ’

603 1640 706 1708 211*
735 1647 879 1705 Mut.
927 1679 1006 1689 —
1054 1639 1264 1727 ὦχρός
1304 1668 1373 1708 τε
1419 1660 1561 1709 σου
1619 1645 1745 1710 εῐλε
1788 1642 2054 1727 παρειάς
2085 1641 2109 1727 ΙΙ
2142 1661 2225 1709 σε
2266 1640 2409 1705 ΩΓ.
2456 1682 2543 1693 -

606 1743 660 1811 ὠ
704 1744 1160 1827 παγκάκιστα
1192 1744 1215 1829 ΙΙ
1248 1743 1753 1828 παγκάκιστοι,
1799 1743 1925 1811 QZ
1951 1750 2095 1809 Mat.
2144 1782 2221 1791 -
2267 1754 2541 1823 Κοίμι-

605 1865 693 1914 σο
709 1874 748 1913 ν
794 1845 1013 1930 ὀργάν.
1077 1849 1176 1910 Sic
1205 1852 1373 1930 Iuno,
1410 1868 1565 1926 quae
1597 1855 1801 1927 spreta
1829 1851 1936 1911 illa
1962 1852 2193 1928 tragica
2222 1855 2285 1911 et
2312 1853 2543 1911 comica

604 1953 880 2013 Mercurii
924 1956 984 2012 et
1011 1953 1316 2013 Minervae
1367 1971 1589 2030 pompa
1645 1972 1763 2014 non
1806 1952 1979 2015 modo
2023 1971 2142 2013 non
2202 1953 2541 2013 consolatur

603 2055 826 2133 Iovem,
870 2054 978 2115 sed
1020 2055 1206 2130 probe
1249 2073 1317 2116 se
1359 2057 1513 2117 scire
1543 2054 1865 2132 affirmem,
1910 2074 2030 2116 non
2058 2056 2180 2115 alia
2222 2073 2365 2115 cura
2406 2073 2543 2118 eum

603 2156 1008 2233 perturbatum
1052 2174 1205 2236 esse,
1254 2176 1451 2237 quam,
1496 2161 1562 2218 ut
1602 2160 1813 2237 soleat,
1858 2160 2097 2237 amoris,
2137 2160 2285 2218 iram
2312 2175 2541 2235 ponere

602 2259 784 2321 iubet.
815 2294 897 2305 —-
933 2256 1113 2341 εἰμὴ
1158 2264 1596 2345 κωμῳδίαν
1640 2312 1654 2325 .
1704 2311 1719 2325 .
1767 2312 1781 2325 .
1830 2255 2161 2338 δυνάμεθα
2204 2258 2547 2341 ὑποκρί-

605 2369 896 2425 νεσθαι
937 2366 1130 2443 μηδὲ
1174 2362 1595 2447 ῥαψῳδεῖν
1640 2358 1855 2443 ῶσπερ
1899 2356 2087 2427 οὗτοι
2128 2366 2284 2443 μηδὲ
2326 2387 2379 2427 τ.
2414 2370 2545 2426 Ευ-

605 2469 860 2545 ριπίδην
906 2460 1066 2530 ὅλον
1110 2460 1681 2544 καταπεπώκαμεν,
1728 2461 1892 2529 ὥστε
1936 2481 2038 2530 σοι
2080 2462 2445 2546 ὑποδραμ
2466 2489 2549 2527 α-

603 2591 700 2632 το
726 2592 827 2649 υρ
852 2581 1050 2646 γεῖν
1095 2566 1118 2647 ΙΙ
1161 2571 1220 2630 εἰ
1266 2564 1353 2652 μὴ
1413 2572 1838 2652 κωμῳδεῖν
1893 2571 2031 2633 δυν.
2091 2562 2264 2648 (QZ)
2322 2562 2545 2647 ῶσπερ

604 2666 799 2747 οὗτος
835 2674 990 2751 μηδὲ
1019 2721 1034 2734 .
1061 2721 1074 2734 .
1102 2721 1117 2734 .
1147 2714 1162 2729 .
1210 2667 1783 2750 καταπεπώκαμεν,
1830 2666 1995 2733 ὥστε
2038 2686 2141 2734 σοι
2183 2667 2549 2749 ὑποτρα-

603 2776 805 2857 γῳδε
821 2786 850 2835 ῖ
857 2796 897 2836 ν
943 2766 1048 2833 211¹
1091 2771 1256 2832 det.
1302 2791 1414 2857 om.
1474 2768 1939 2853 ὑποκρίνεσθαι
1990 2775 2146 2853 μηδὲ
2191 2772 2539 2855 ῥαψῳδεῖν.

608 2881 754 2937 νῦν
799 2871 823 2955 ΙΙ
869 2892 995 2934 om.
1041 2868 1218 2937 mu*
1246 2874 1389 2935 Mat.
1440 2907 1513 2918 —
1562 2866 1610 2958 ἢ
1652 2880 1956 2954 γίγαντας
1986 2871 2011 2953 ΙΙ
2042 2893 2169 2935 om.
2213 2871 2253 2955 ἢ
2296 2867 2365 2933 Ω
2394 2874 2545 2939 Mula.

605 2972 760 3040 οὔτ’
803 2976 967 3039 εἶναι
1009 2972 1247 3052 θεοὺς
1305 2976 1581 3055 ἔφασκεν
1627 2973 1779 3042 οὔτε
1822 2972 2032 3052 ὅλως
2075 2973 2155 3040 τὰ
2197 2972 2549 3055 γιγνόμενα

603 3078 971 3142 ἐπισκοπεῖν
1003 3077 1027 3158 ΙΙ
1057 3074 1302 3154 θεοὺς
1345 3074 1557 3154 ὅλως
1602 3079 1877 3157 ἔφασκεν
1924 3070 2077 3143 οὔτε
2131 3074 2209 3143 τὰ
2260 3102 2377 3157 γιγ.
2413 3079 2550 3142 ἐπι-

497 3205 501 3209 ·
604 3194 868 3243 σκοπεῖν
890 3178 1607 3262 Κ.8<>1Πναι·ίπ.-ὃρᾶτε
1636 3179 1778 3245 τὸν
1808 3185 2200 3246 κίνδυνον
2231 3177 2255 3263 ΙΙ
2290 3177 2362 3263 [τ.
2391 3176 2547 3265 κιν.]

602 3283 759 3343 Male
785 3284 1072 3343 intrusum
1103 3300 1235 3343 esse
1266 3278 1385 3347 τὸν
1412 3287 1725 3348 κίνδυνον
1770 3301 1847 3344 ex
1873 3282 2260 3359 sequentibus
2288 3278 2368 3346 τὰ
2398 3279 2545 3363 ἡμέ-

605 3409 756 3466 τερα
813 3387 895 3450 ἐν
952 3386 1076 3449 ἑνὶ
1134 3383 1364 3466 ἀνδρὶ
1409 3380 1914 3462 κινδυνευόμενα
1964 3386 2199 3446 elucere
2253 3386 2550 3447 intellexit

604 3488 680 3549 K.
725 3487 1046 3550 Schwartz.
1092 3522 1173 3531 —
1219 3494 1888 3569 παρεωρᾶσθαι
1929 3482 1950 3569 Ι
1998 3495 2549 3569 παρεῶσθαι

608 3590 687 3649 Κ.
745 3590 1044 3651 Schwartz
1102 3585 1206 3651 21?
1262 3591 1407 3649 Mut.
1451 3622 1538 3633 —
1579 3586 1661 3669 ἢν
1720 3589 1757 3653 ὸ
1822 3596 2131 3671 Τιμοκλῆς
2186 3586 2473 3670 νικήσῃ
2518 3590 2558 3680 l

605 3688 962 3774 ὑπέρσχῃ
1008 3687 1077 3752 Ω
1122 3694 1208 3768 (in
1249 3692 1395 3769 raa.)
1440 3686 1545 3754 211*
1574 3693 1719 3751 Μυῒ.
1756 3696 1855 3751 76.

395 3812 447 3852 c.
481 3798 538 3854 6.
605 3791 763 3857 ἀλλ’
793 3795 1126 3859 ἐποποιῶν
1171 3829 1256 3841 —
1298 3798 1431 3857 καὶ
1475 3793 1876 3877 ῥαψῳδῶν
1918 3800 2187 3858 τοιαῦτα
2218 3790 2243 3874 ΙΙ
2275 3794 2551 3879 ῥαψῳ-

607 3901 766 3961 δῶν
810 3898 1007 3959 delevi
1051 3901 1291 3958 auctore
1334 3897 1514 3975 Mat„
1572 3896 1633 3955 in
1681 3913 1801 3970 qua
1843 3895 2013 3956 deest
2054 3901 2183 3975 καὶ,
2227 3900 2293 3956 ut
2342 3896 2549 3957 videa-

605 4016 733 4059 mus
777 3999 1104 4083 ῥαψῳδῶν
1147 3999 1229 4057 nil
1278 4014 1410 4058 esse
1454 3998 1569 4057 nisi
1612 3996 1881 4058 scholion
1925 3998 2003 4057 ad
2062 3999 2395 4064 ἐποποιῶν
2441 4001 2548 4060 ad-

392 2893 446 3037 95²

480 2878 538 3037 ’ἔθ’
