2750 4534
950 223 971 274 1
977 222 1242 276 KAPOME
1249 222 1287 274 N
1291 221 1356 273 111
1361 221 1505 275 ΠΟΣ.
2179 219 2211 275 1
2221 216 2301 276 59

128 395 557 474 δεινότατον,
604 392 711 460 ὅτι
753 393 958 479 μηδὲν
1006 386 1194 459 αὐτοὶ
1240 392 1411 478 μήτε
1454 390 1677 458 κοινὸν
1720 389 1887 477 μήτε
1930 390 2107 457 ἰ’διον
2152 382 2304 455 ἐπι·-

124 499 514 577 τελοῦντες,
563 488 708 562 ἀλλ’
763 495 1016 580 α’χρεῖοι
1060 496 1174 561 καὶ
1218 496 1527 578 περιττοὶ
1572 496 1995 570 καθεστῶτες

304 594 458 665 οὔτε
502 591 663 663 ποτ’
717 596 784 662 ἐν
830 599 1106 683 πολέμῳ
1153 595 1543 681 ἐναρίθμιοι
1589 587 1731 662 οὔτ’
1786 593 1881 661 ἐνὶ
1925 596 2154 683 βουλῇ,

130 696 338 785 ὅμως
392 703 529 766 τῶν
574 694 790 765 ἄλλων
846 701 1283 786 κατηγοροῦσι
1339 702 1451 765 καὶ
1498 697 1731 784 λόγους
1786 696 1974 774 τινὰς
2030 698 2309 782 πικροὺς

134 801 713 891 συμφορήσαντες
753 804 865 869 καὶ
914 801 1254 885 λοιδορίας
1296 798 1487 877 τινας
1532 799 2111 889 ἐκμεμελετηκότες
2158 798 2308 866 ἐπι-

23 921 116 973 ῖ88
134 910 409 989 τιμῶσι
452 907 578 971 καὶ·
597 903 994 983 ὀνειδίζουσι
1036 916 1179 981 τοῖς
1223 905 1534 991 πλησίον,
1579 905 1689 969 καὶ
1728 897 1920 981 οὗτος
1966 896 2182 969 αὐτῶν
2224 901 2308 968 τὰ

138 1012 402 1093 πρῶτα
445 1011 782 1095 φέρεσθαι
834 1006 1015 1073 δοκεῖ
1059 1004 1132 1083 ὃς
1179 994 1258 1071 ἂν
1302 1005 1945 1092 μεγαλοφωνότατός
1998 1031 2072 1072 τε
2113 991 2154 1094 ᾖ
2200 1009 2309 1072 καὶ

143 1109 585 1195 ἰταμώτατος
614 1111 725 1175 καὶ
750 1107 923 1189 πρὸς
947 1106 1068 1185 τὰς
1088 1110 1525 1196 βλασφημίας
1548 1101 1992 1194 θρασύτατος.
2044 1115 2145 1174 31.
2170 1114 2310 1175 καί·
2340 1113 2413 1169 81

141 1239 264 1280 τοι
317 1210 436 1279 τὸν
481 1211 976 1295 διατεινόμενον
1023 1205 1240 1277 αὐτῶν
1284 1214 1395 1277 καὶ
1425 1214 1692 1296 βοῶντα
1735 1213 1845 1277 καὶ
1875 1214 2313 1299 κατηγοροῦν-

145 1343 240 1382 τα
290 1318 426 1382 τῶν
475 1310 693 1380 ἄλλων
737 1304 816 1399 ἢν
863 1313 1008 1401 ἔρῃ,
1059 1312 1138 1380 σὺ
1181 1314 1252 1381 δὲ
1299 1312 1374 1398 δὴ
1423 1319 1491 1380 τί
1536 1314 1849 1398 πράττων
1892 1313 2231 1400 τυγχάνεις
2274 1302 2315 1399 ἢ

144 1425 222 1484 τί
272 1421 509 1505 φῶμεν
569 1416 742 1501 πρὸς
796 1419 979 1483 θεῶν
1026 1439 1101 1482 σε
1145 1414 1318 1501 πρὸς
1369 1414 1488 1483 τὸν
1530 1421 1680 1501 βίον
1725 1417 2089 1499 συντελεῖν,·
2146 1422 2313 1504 φαίη

151 1518 263 1602 ἄν,
318 1520 376 1587 εἰ
423 1518 506 1587 τὰ
557 1520 783 1587 δίκαια
839 1522 952 1585 καὶ
1001 1512 1226 1607 ἆληθῆ
1270 1520 1471 1586 θέλοι
1519 1519 1759 1605 λέγειν,
1808 1510 1911 1585 ὅτι
1959 1521 2153 1586 πλεῖν
2196 1518 2316 1602 μὲν

151 1614 198 1708 ἢ
228 1635 549 1708 γεωργεῖν
594 1611 636 1708 ἢ
668 1621 1159 1703 στρατεύεσθαι
1202 1616 1427 1710 ἤτινα
1470 1625 1698 1708 τέχνην
1740 1626 2041 1703 μετιέναι
2085 1644 2318 1703 περιτ-

152 1726 284 1791 τὸν
347 1721 520 1791 εἶναί
579 1749 696 1807 μοι
745 1724 952 1804 δοκεῖ,
1011 1728 1292 1809 κέκραγα
1351 1723 1422 1790 δὲ
1467 1726 1579 1790 καὶ
1628 1716 1853 1807 αὐχμῶ
1911 1725 2020 1789 καὶ
2069 1735 2318 1808 ψυχρο-

159 1830 384 1893 λουτῶ
431 1828 539 1893 καὶ
588 1821 1005 1913 ἀνυπόδητος
1049 1829 1168 1892 τοῦ
1194 1829 1520 1910 χειμῶνος
1566 1830 1998 1909 περιέρχομαι
2042 1829 2153 1893 καὶ
2188 1820 2321 1893 ὥσ-

159 1955 300 2015 περ
348 1925 382 1994 ὁ
433 1932 695 2012 Μῶμος
750 1927 832 1993 τὰ
880 1923 1013 1994 ὕπὸ
1065 1930 1199 1993 τῶν
1246 1923 1467 1994 ἄλλων
1510 1927 1862 2014 γιγνόμενα
1909 1932 2319 2016 συκοφαντῶ,

159 2036 282 2099 καὶ
329 2031 390 2097 εἰ
419 2034 540 2114 μέν
583 2056 686 2109 τις
717 2024 1043 2119 ὠψώνηκε
1087 2034 1219 2096 τῶν
1256 2032 1602 2097 πλουσίων
1648 2032 2028 2108 πολυτελῶς
2071 2020 2113 2119 ἢ
2144 2029 2323 2097 ἑταί-

165 2162 296 2217 ραν
343 2133 497 2219 ε’χει,
542 2136 739 2199 τοῦτο
771 2135 1332 2218 πολυπραγμονῶ
1375 2135 1487 2199 καὶ
1538 2126 1915 2218 ἀγανακτῶ,
1976 2133 2035 2199 ει
2082 2134 2153 2199 δὲ
2195 2137 2325 2199 τῶν

168 2237 398 2324 φίλων
442 2258 547 2312 τις
581 2262 618 2321 η
654 2233 934 2318 εταίρων
979 2233 1363 2301 κατάκειται
1411 2237 1622 2300 νοσῶν
1669 2232 2056 2320 ἐπικουρίας
2099 2259 2171 2300 τε
2217 2238 2323 2301 καὶ

169 2343 560 2423 θεραπείας
619 2336 957 2420 δεόμενος,
1007 2330 1243 2423 ἇγνοῶ.
1331 2339 1610 2403 τοιαῦτα
1654 2342 1773 2420 μέν
1820 2334 2000 2403 ἐστιν
2044 2332 2329 2426 ἡμῖν,ω

171 2445 359 2521 θεοί,
404 2443 614 2505 ταῦτα
657 2437 740 2505 τὰ
785 2443 1162 2523 θρέμματα.
1241 2444 1342 2506 32.
1390 2438 1559 2504 οἶδὲ
1605 2436 1681 2525 δὴ
1722 2432 2161 2520 Ἐπικουρειοι
2209 2467 2326 2505 αυ-
2353 2444 2433 2500 82

171 2545 315 2607 τῶν
363 2540 704 2627 λεγόμενοι
745 2539 929 2624 μάλα
975 2538 1050 2627 δὴ
1100 2542 1207 2605 καὶ
1255 2535 1568 2625 ὕβρισταί
1614 2538 1747 2605 εἰσι
1788 2543 1895 2606 καὶ
1940 2533 2014 2606 οἰ·
2044 2546 2329 2627 μετρίως

69 2641 372 2732 τὸθὴμῶν
416 2641 888 2708 καθάπτονται
947 2641 1114 2727 μήτε
1157 2640 1635 2725 ἐπιμελεῖσθαι
1693 2645 1822 2708 τῶν
1876 2635 2329 2726 ἀνθρωπίνων

178 2750 483 2831 λέγοντες
528 2742 682 2821 τοὺς
726 2741 933 2819 θεοὺς
974 2742 1142 2832 μήτε
1186 2736 1358 2821 ὅλως
1387 2741 1472 2808 τὰ
1502 2742 1855 2828 γιγνόμενα
1902 2742 2328 2811 ἐπισκοπεῖν·

177 2842 361 2915 ὥστε
406 2839 547 2928 ὥρα
592 2842 744 2929 ὑμῖν
795 2845 1218 2932 λογίζεσθαι,
1277 2846 1455 2912 διότι
1498 2836 1576 2931 ἢν
1634 2838 1822 2924 ἅπαξ
1863 2840 2049 2913 οὗτοι
2095 2861 2331 2914 πεῖσαι

176 2948 302 3017 τὸν
352 2953 503 3034 βίον
549 2948 963 3035 δυνηθῶσιν,
1024 2973 1098 3013 ου
1143 2953 1432 3032 μετρίως
1475 2946 1845 3033 πεινήσετε.
1935 2954 2038 3026 τίς
2080 2939 2281 3033 γόιρ>
2252 2977 2331 3015 αν

182 3052 284 3119 ε’τι
346 3049 618 3116 θύσειεν
674 3046 828 3133 ὑμῖν
885 3052 1092 3115 πλέον
1152 3043 1340 3115 ουδὲν
1401 3047 1570 3127 ε’ξειν
1630 3050 2058 3135 προσδοκῶνς
2114 3078 2155 3117 α
2213 3052 2333 3135 μὲν

181 3152 310 3238 γὰρ
357 3148 424 3243 ἡ,
444 3151 690 3240 Σελήνη
739 3150 1074 3231 αἰτιᾶται,
1121 3151 1368 3229 πάντες
1410 3147 1736 3238 ἠκούσατε
1779 3156 1896 3219 τοῦ
1944 3153 2126 3231 ξένου
2168 3154 2334 3237 χθὲς

186 3258 657 3343 διηγουμένου·
708 3253 882 3340 πρὸς
926 3257 1136 3320 ταῦτα
1180 3253 1591 3339 βουλεύεσθε
1637 3254 1678 3320 ἃ
1722 3258 1831 3321 καὶ
1878 3269 2020 3333 τοῖς
2067 3250 2336 3341 ἀνθρώ-

177 3382 352 3435 ·ποις
396 3350 642 3444 γένοιτ>
697 3355 776 3422 ἃν
821 3350 1314 3444 ὠφελιμώτατα
1357 3360 1467 3423 καὶ
1514 3352 1671 3444 ἡμῖν
1715 3350 2215 3445 ἀσφαλέστατα.

365 3464 467 3528 33.
527 3458 862 3537 Εἰπόντος
903 3462 1114 3524 ταῦτα
1157 3461 1275 3525 τοῦ
1318 3458 1492 3538 Διὸς
1524 3456 1557 3543 ἡ
1595 3458 1903 3545 ἐκκλησία
1949 3460 2334 3547 διετεθορύ-
2362 3466 2447 3523 88

187 3570 386 3651 βητο,
463 3564 570 3628 καὶ
649 3555 852 3638 εὐθὺς
926 3559 1136 3645 ἐβόων
1212 3553 1532 3641 ἷὶπαντες,
1616 3559 2061 3646 κεραύνωσον,
2137 3562 2336 3627 κατά-

190 3664 466 3753 φλεξον,
527 3663 922 3748 ἐπίτριψον,
982 3662 1049 3740 ἐς
1105 3661 1179 3729 τὸ
1240 3657 1625 3748 βάραθρον,
1689 3662 1756 3739 ἐς
1808 3662 1926 3729 τὸν
1993 3663 2337 3749 Τάρταρον

190 3765 285 3846 ὡς
329 3763 486 3843 τοὺς
530 3772 874 3851 Γίγαντας.
963 3761 1240 3853 ἡσυχίαν
1299 3766 1370 3831 δὲ
1417 3761 1451 3831 o‘
1500 3763 1668 3842 Ζεὺς
1727 3762 1931 3842 αὖθις
1977 3773 2338 3852 παραγγεί-

193 3873 333 3949 λας,
363 3862 597 3934 Ἔσται
627 3870 836 3933 ταῦτα
867 3863 956 3944 ῶς
985 3866 1338 3949 βούλεσθε,
1389 3865 1538 3955 ἔφη,
1583 3868 1693 3931 καὶ
1727 3864 1974 3944 πάντες
2006 3866 2340 3953 ἐπιτετρί-

193 3985 449 4057 ψονται
496 3964 658 4057 αὐτῇ
706 3971 1111 4055 διαλεκτικῇ,
1171 3967 1344 4057 πλὴν
1390 3969 1465 4036 τό
1512 3993 1585 4054 γε
1639 3970 1751 4034 νῦν
1798 3964 1968 4035 εἶναι
2016 3962 2090 4034 οὗ
2137 3975 2344 4054 θέμις
