2750 4534
170 961 225 1001 C.

172 2288 228 2329 C.

264 948 323 1001 7.

267 2273 325 2329 8.

871 258 1173 311 IUPPITER
1208 257 1660 312 CONFUTATUS.
2221 258 2344 315 225

358 433 521 508 ἐπιμ.
558 434 611 492 Α
643 429 794 496 οὔτε
824 434 989 508 ἐπιμ.
1027 427 1076 491 Γ
1101 466 1181 475 -
1208 424 1369 495 οὗθ’
1402 428 1572 507 ὅλως
1601 426 1620 511 ss
1649 428 1794 495 οὒτε
1825 426 1996 506 ὅλως
2025 432 2080 490 Α
2111 464 2193 475 --
2222 429 2345 495 οὒκ

355 534 461 597 οἶδ
478 532 493 554 ’
523 529 704 610 ὅπως
733 530 888 616 ἡμῖν
921 530 1175 615 προϊὼν
1205 530 1223 612 ΙΙ
1256 532 1380 597 οὐκ
1413 531 1547 598 οἶδ’
1579 529 1758 609 ὅπως
1790 536 2008 611 εἰπεῖν,
2041 551 2343 610 suprascr.

355 633 509 716 ἡμῖν
566 633 867 716 προῖὠνῗ
915 630 1131 697 QMut.
1178 668 1261 679 —
1318 633 1434 710 τὰς
1485 641 1716 710 θυσίας
1759 631 1779 715 ss
1820 660 1873 699 τ.
1921 641 1983 698 θ.
2036 651 2231 715 φησιν
2276 630 2345 694 Ω

356 743 479 798 445
526 732 578 796 Γ
626 772 699 781 -·
744 740 806 814 ἐς
844 734 903 803 τ.
1013 743 1099 813 εἰς
1142 764 1193 803 τ.
1244 732 1296 796 Γ
1344 772 1424 783 -—
1471 733 1768 817 περιττὰς
1811 732 1829 817 ΙΙ
1870 734 2132 817 περιττὰ
2179 736 2229 798 21
2262 770 2345 780 —

357 834 547 915 αὖθις
594 837 662 902 ‹5’
692 837 709 919 Η
748 858 863 899 om.
910 838 961 901 21
1008 873 1088 883 —-
1136 843 1192 902 εἰ
1232 844 1411 904 δοκεῖ
1450 835 1468 918 11
1513 842 1568 901 εἰ
1607 843 1785 901 δοκεῖ
1826 836 1894 901 ‹5’
1941 833 2130 913 αὖθις
2175 837 2226 900 91

359 943 429 1004 ἐκ
459 967 510 1006 τ.
540 949 811 1023 Μοιρῶν
841 966 894 1020 γ.
930 937 950 1021 ss
992 943 1060 1004 ἐκ
1090 967 1141 1006 τ.
1178 951 1257 1006 Μ.
1294 965 1405 1017 μοι
1437 965 1490 1019 γ.
1527 942 1674 1001 Mut.
1707 974 1790 983 —
1823 946 2150 1018 γίγνεσθαι
2256 946 2346 1019 γί-

354 1051 579 1107 νεσθαι
625 1039 693 1102 Ω
724 1050 843 1104 445
879 1047 1024 1104 Mat.
1070 1077 1155 1087 -
1199 1042 1529 1107 α’ντίόοσίν
1573 1066 1718 1105 τινα
1796 1040 2126 1106 ἀντίδοσιν
2164 1046 2226 1105 δὲ
2276 1038 2345 1102 Ω

358 1152 477 1206 445
512 1141 561 1203 Γ
608 1180 687 1191 -—
733 1143 985 1224 τάγαθὰ
1027 1140 1047 1226 fl
1088 1142 1166 1209 τὰ
1213 1142 1424 1224 α’γαθά
1470 1137 1740 1205 ΩΓΜιιίς.
1785 1178 1860 1189 -
1914 1142 2069 1225 παρ’
2111 1140 2344 1226 ἡμῶνΠ

352 1245 508 1328 παρ’
552 1244 736 1323 ὑμῶν
780 1249 833 1307 Α
893 1281 976 1292 ——
1034 1246 1200 1311 ἄλλα
1257 1255 1568 1323 τιμῶντες
1610 1242 1630 1327 ss
1672 1244 1708 1327 ἢ
1753 1253 2061 1323 τιμῶντες
2105 1242 2173 1305 Ω
2222 1252 2342 1307 445

362 1382 435 1392 -
494 1356 695 1413 τοῦτο
740 1346 759 1430 ss
801 1354 905 1412 καὶ
964 1356 1163 1414 τοῦτο
1210 1344 1462 1411 ΓΞΙΜΠῒ.
1511 1382 1590 1392 —-
1637 1354 1927 1433 χρησίμῳ
1971 1343 1990 1431 ss
2025 1345 2343 1429 χρήσιμον

354 1450 407 1513 ἳῐ
466 1484 545 1494 —-
605 1447 1064 1531 εὐγνωμοσύνῃ
1108 1448 1127 1532 ss
1163 1448 1546 1532 χρηστότητι
1592 1445 1659 1510 Ω
1700 1457 1820 1511 445
1856 1446 1905 1509 Γ
1907 1452 2054 1511 Mat.
2089 1486 2170 1496 —
2216 1455 2280 1514 δὲ
2324 1447 2345 1534 ss

352 1572 469 1613 om.
513 1554 566 1612 A
615 1589 693 1597 —
750 1545 921 1634 ἤρετ’
965 1550 982 1634 ΙΙ
1023 1545 1213 1634 ἤρετο
1260 1549 1328 1612 Ω
1362 1560 1482 1613 445
1515 1554 1663 1613 Mat.
1711 1586 1792 1596 —
1848 1556 2282 1629 ταττομένους
2325 1549 2345 1635 ss

351 1657 777 1733 τεταγμένους
824 1661 943 1716 445
989 1689 1074 1699 -
1118 1654 1199 1718 οὐ
1230 1652 1349 1737 γὰρ
1395 1653 1412 1736 ss
1459 1659 1514 1717 εἰ
1540 1651 1660 1734 γὰρ
1702 1660 1821 1714 445
1854 1690 1937 1699 -
1967 1652 2343 1732 ἀθανάτους

350 1754 369 1837 ss
416 1754 753 1822 α’θάνατον
813 1758 865 1816 Α
910 1791 991 1801 -
1048 1765 1274 1842 μακρῷ
1318 1756 1335 1836 ΙΙ
1382 1776 1684 1835 suprascr.
1743 1754 1917 1820 πάνυ
1964 1751 2031 1816 Ω
2080 1791 2159 1802 -
2219 1755 2343 1821 κᾶν

356 1856 392 1921 ὁ
456 1855 743 1937 θάνατος
786 1858 804 1941 ΙΙ
850 1864 904 1923 εἰ
953 1863 1147 1940 μηδὲν
1206 1853 1368 1925 ἄλλο
1427 1856 1716 1937 θάνατος
1773 1884 1841 1938 γε
1899 1879 2014 1920 om.
2059 1858 2244 1940 κᾶν,“
2274 1855 2343 1919 Ω

354 1967 473 2021 445
509 1956 705 2022 FMut.
741 1996 821 2005 —
854 1964 915 2037 ἐς
954 1964 1323 2044 ἐλευθερίαν
1367 1960 1386 2041 [Ι
1432 1967 1518 2039 εἰς
1549 1964 1632 2027 ε’λ.
1670 1956 1940 2023 ΩΓΜιιῐ.
1973 1964 2035 2039 ἐς
2067 1982 2182 2023 om.
2218 1970 2338 2023 445

360 2099 441 2109 —-
472 2064 534 2140 ἐς
581 2056 848 2145 ἄπειρον
880 2063 897 2145 ss
931 2069 1017 2141 εἰς
1062 2063 1167 2129 οἷπ.
1204 2060 1420 2126 ΩΜιιῒ.
1454 2099 1536 2109 -
1567 2071 1844 2144 γίγνεται
1889 2063 1907 2147 ΙΙ
1950 2071 2188 2144 γίνεται
2221 2060 2342 2125 ΩΓ

356 2198 439 2209 —-
484 2172 645 2251 λίνῳ
690 2164 709 2246 ss
751 2161 929 2250 λη’ρω
977 2172 1098 2226 445

360 2268 491 2330 ἐστι
530 2264 550 2350 ΙΙ
595 2268 766 2331 ἐστιν
796 2261 848 2325 Γ
884 2302 961 2312 ——
992 2266 1167 2349 ἡμεῖς
1195 2265 1214 2350 ss
1244 2287 1358 2329 om.
1393 2268 1443 2329 21
1475 2304 1558 2314 —
1587 2268 1738 2328 Inde
1781 2269 1858 2328 ab
1903 2266 2020 2347 οὐχ
2063 2265 2341 2345 ἅπαντες

354 2387 547 2445 usque
577 2371 654 2429 ad
686 2370 863 2430 finem
890 2371 1105 2448 capitis
1134 2371 1193 2429 in
1228 2371 1373 2431 Ood.
1400 2371 1722 2430 Mutinensi
1752 2389 1972 2446 magna
2001 2371 2340 2431 litterarum

353 2488 495 2548 pars
550 2472 846 2532 exstincta
892 2477 1001 2532 est.
1046 2505 1127 2515 —
1173 2472 1374 2534 ἔνεστι
1419 2468 1437 2551 ll
1481 2472 1610 2534 ἐστι
1656 2465 1723 2530 Ω
1761 2475 1904 2549 445,
1951 2472 2121 2535 ἐστιν
2165 2467 2216 2531 Γ
2259 2504 2343 2516 -

352 2578 556 2648 βασιλ.
618 2570 739 2653 γὰρ
782 2568 803 2655 ΙΙ
844 2570 963 2653 γὰρ
1008 2574 1069 2633 in
1116 2591 1231 2634 ras,
1277 2568 1348 2651 Γ,
1409 2569 1508 2636 ὅτι
1563 2568 1860 2649 βασιλεὺς
1920 2579 2038 2632 445
2089 2606 2168 2617 -
2227 2570 2347 2636 θά-

352 2681 594 2737 λατταν
640 2672 657 2753 Η
712 2667 1049 2738 θάλασσαν
1093 2668 1145 2733 Γ
1206 2708 1278 2717 ——
1342 2670 1380 2737 ὃ
1414 2670 1762 2753 (Ἠφαιστος
1803 2672 1822 2757 ΙΙ
1879 2671 1915 2737 ὃ
1974 2678 2037 2737 δὲ
2080 2670 2223 2753 (Ὴφ.
2275 2671 2343 2735 Ω

354 2781 476 2835 445
516 2770 560 2834 Γ
604 2810 689 2819 -
731 2782 837 2839 καὶ
881 2773 1210 2853 βάναυσος
1255 2773 1273 2857 ΙΙ
1318 2795 1433 2837 om.
1481 2782 1586 2839 καὶ
1633 2771 1700 2836 Ω
1732 2783 1852 2837 445
1885 2771 1936 2834 Γ
1981 2810 2064 2820 -
2107 2800 2200 2852 τις
2232 2773 2249 2855 H
2277 2802 2344 2840 τε

354 2884 476 2938 445
501 2912 583 2922 -
609 2884 714 2941 καὶ
746 2876 953 2942 οἷνεσκ.
989 2876 1008 2960 ss
1036 2897 1151 2939 om.
1178 2884 1283 2941 καὶ
1316 2878 1366 2940 21
1400 2912 1481 2923 —
1506 2875 1782 2965 πεδήτην
1887 2883 2145 2959 πεόίτην
2175 2880 2228 2938 Α
2260 2912 2341 2922 —-

356 2977 521 3057 ὑμᾶς
567 2998 722 3059 φασι
768 2978 787 3063 ss
830 2997 984 3059 φασι
1030 2979 1192 3057 ὑμᾶς
1236 2975 1303 3040 Ω
1348 3015 1432 3026 ——-
1477 2978 1649 3063 παρὰ
1692 2988 1786 3066 τῷ
1831 2988 1898 3045 Λ.
1945 2977 1966 3063 ss
2011 3001 2124 3042 om.
2158 2977 2342 3066 τῷΩ

355 3088 473 3143 445
522 3078 572 3141 Γ
618 3116 700 3126 --
757 3092 849 3168 τῷ
899 3081 1171 3169 Ἀδμήτῳ
1216 3079 1235 3165 n
1278 3102 1394 3144 om.
1440 3092 1533 3168 τῷ
1579 3090 1700 3145 445
1746 3079 1797 3142 Γ
1841 3118 1926 3129 --
1971 3080 2344 3149 Ἀπόλλωνα

355 3181 373 3263 ΙΙ
419 3180 707 3249 Ἀπόλλω
754 3182 825 3265 Γ,
872 3205 985 3246 om.
1022 3184 1144 3250 Ἀπ.
1196 3181 1264 3244 Ω
1301 3192 1420 3247 445
1470 3220 1553 3230 -
1600 3183 1946 3262 εὐδαίμονα
1973 3181 1993 3269 ss
2021 3184 2143 3251 εὐδ.
2182 3186 2344 3249 εἶναι

354 3281 423 3345 Ω
468 3292 590 3347 445
636 3281 688 3345 Γ
732 3320 811 3331 -
860 3285 927 3350 <5²
984 3288 1255 3363 ἔμπαλιν
1298 3286 1316 3369 ΙΙ
1361 3292 1426 3352 δὲ
1481 3290 1618 3364 ἐμπ.
1686 3295 1805 3349 445
1863 3282 1914 3347 Γ
1958 3322 2041 3332 -
2085 3284 2345 3368 λῃστεύ-

358 3396 505 3451 εσθε
546 3385 565 3470 ΙΙ
608 3408 723 3449 om.
784 3414 805 3452 ι
862 3391 1091 3450 subscr.
1154 3383 1205 3448 Γ
1254 3423 1329 3433 -
1390 3386 1901 3455 πλουσιωτάτων
2005 3396 2344 3454 πλουσίων

355 3489 405 3552 ἳῑ
456 3524 529 3533 -
581 3490 650 3553 ἐν
694 3488 923 3571 α’καρεῖ
960 3487 981 3573 Ι]
1023 3491 1091 3554 ἐν
1138 3489 1233 3555 α’κ.
1279 3488 1529 3572 χρόνου
1575 3487 1643 3550 Ω
1677 3497 1794 3552 445
1833 3486 1880 3549 Γ
1925 3525 2005 3536 -
2051 3497 2344 3569 γίγνεσθε

354 3588 375 3673 ΙΙ
417 3598 670 3671 γίνεσθε
714 3592 766 3655 21
811 3595 872 3653 in
917 3612 1033 3654 ras·
1082 3600 1412 3673 γίγνεσθαι
1457 3590 1506 3652 Γ
1537 3628 1619 3639 -
1667 3598 1922 3675 εἵμαρτο
1967 3592 1985 3675 ss
2029 3613 2144 3654 om.
2175 3596 2228 3653 A
2261 3628 2344 3638 —

358 3696 617 3775 εἵμαρτο
664 3692 900 3775 δηλαδὴ
942 3692 961 3775 ss
1005 3700 1136 3776 δηλ.
1188 3699 1301 3771 εἵμ.
1352 3694 1404 3757 21

180 3814 233 3857 c.
264 3800 321 3857 9.
355 3803 561 3861 ταῦτα
664 3795 856 3860 ταῦτ’
899 3791 966 3856 Ω
1000 3803 1120 3858 445
1153 3792 1205 3856 Γ
1235 3832 1313 3841 -—
1363 3815 1464 3861 σοι
1507 3795 1526 3881 ss
1571 3816 1648 3861 συ
1683 3805 1803 3860 445
1853 3833 1930 3843 -
1978 3822 2134 3864 ποτε
2162 3823 2346 3874 μετα-

353 3893 605 3980 μελήσει
632 3894 651 3979 ss
678 3894 839 3978 τάχα
880 3923 1097 3975 μεταμ.
1145 3924 1301 3964 ποτε
1348 3896 1418 3959 Ω
1451 3907 1595 3981 445,
1633 3897 1676 3959 Γ
1719 3897 2131 3982 μεταμελήσῃ,
2162 3926 2347 3978 μετα-

352 3996 614 4081 μελήσοι
657 4001 718 4061 in
765 4020 881 4062 ras·
926 4026 962 4082 η
1006 4003 1061 4061 Α
1088 4037 1174 4049 -—
1209 4007 1313 4065 καὶ
1359 4008 1575 4085 Μοίρᾳ
1616 3998 1636 4085 fl
1679 4022 1792 4064 om.
1841 4010 1948 4067 καί
1991 3998 2042 4062 Γ
2071 4038 2147 4047 -
2194 4003 2344 4067 οὐδὲ

290 4108 467 4151 Lucian
493 4108 553 4151 H.
583 4110 622 4151 2.
1868 4107 1927 4157 15
