2750 4534
359 248 483 306 274
1302 248 1560 302 LUCIAM

360 442 411 483 o.
447 429 548 485 33.
581 416 1032 503 διετεθρύλητο
1123 420 1630 503 ὃιατεθρύλλητο
1673 418 1742 481 Ω
1787 425 2230 506 διεθρυλλεῒτο
2273 427 2324 490 21
2363 434 2520 491 1324

571 524 717 586 Urb.
765 558 848 569 —
894 520 984 600 ὡς
1027 520 1183 600 τοὺς
1215 522 1239 604 ΙΙ
1283 529 1369 601 εἰς
1416 550 1467 589 τ.
1517 524 1663 586 Urb.
1710 559 1794 570 —
1837 525 1901 602 ἐς
1943 522 2020 590 τὸ
2063 533 2206 610 βαρ.
2245 526 2269 611 fl
2301 531 2364 607 ἐς
2405 528 2526 595 τὸν

572 632 628 702 β.
688 628 843 687 1324
900 660 979 671 --
1033 622 1251 690 Ἔσται
1296 624 1319 707 ΙΙ
1363 622 1546 706 ὥστε,
1595 626 1766 689 ἔσται
1813 628 1848 686 2
1894 646 1972 687 m.
2019 626 2120 691 Z?
2164 663 2247 674 —-
2293 631 2530 714 ἐπιτρί-

573 723 853 811 ψονταιΕ
875 729 1389 809 ἐπιτετρίψονται
1411 728 1558 789 Urb.
1585 762 1666 773 —
1689 727 2220 812 περιηγγειλάμην
2251 728 2275 814 ΙΙ
2308 734 2525 814 ἐπηγγ.

575 825 698 892 m(
727 862 812 875 —
856 826 934 894 τό
963 854 1031 909 γε
1075 838 1200 895 νῦν
1243 831 1406 894 εἶναι
1439 827 1462 913 ΙΙ
1495 848 1609 891 om.
1655 830 1818 894 εἶναι
1859 832 2006 892 Urb.
2051 866 2136 878 —
2180 828 2303 898 οὖν
2335 833 2528 916 α’ρχο-

575 935 775 1008 μὲνου
820 928 845 1013 ss
892 929 1026 1014 α’ρχ.
1090 928 1214 997 οὖν
1270 929 1338 993 Ω
1397 940 1559 1011 γοῦν
1618 930 1751 1013 α’ρχ.
1817 932 1964 994 Urb.
2026 968 2108 979 —
2169 945 2464 1022 κεραυνῷ
2509 934 2528 1020 ss

575 1034 702 1096 sine
748 1060 769 1097 ι
814 1028 867 1093 Γ
907 1068 991 1079 —-
1036 1032 1275 1117 ὀφρύσι
1318 1031 1337 1116 ΙΙ
1378 1033 1618 1115 ὀφρῦσι
1664 1030 1714 1093 Γ

364 1173 417 1215 o.
445 1160 546 1216 34.
580 1159 723 1235 περὶ
796 1157 862 1217 δὲ
930 1159 1271 1219 Μενίππου
1326 1150 1349 1235 ΙΙ
1403 1158 1546 1235 περὶ
1618 1159 1682 1218 δὲ
1748 1160 2016 1220 τουτουὶ
2080 1162 2404 1231 μενίππου
2471 1154 2526 1216 Γ

575 1261 719 1337 περὶ
764 1260 829 1321 δὲ
872 1256 1008 1318 τοῦ
1052 1266 1132 1321 Μ.
1188 1261 1347 1317 1324
1394 1262 1538 1337 περὶ
1580 1263 1704 1321 τοῦ
1745 1266 1825 1322 Μ.
1875 1258 2022 1319 Urb.
2070 1290 2150 1301 -
2196 1259 2259 1334 ἐς
2301 1282 2352 1323 τ.
2402 1283 2454 1337 γ.
2510 1257 2529 1341 ΙΙ

580 1362 667 1435 εἰς
708 1358 856 1420 Urb.
902 1393 985 1403 -—
1031 1355 1309 1441 τήμερον
1342 1354 1365 1441 ΙΙ
1399 1354 1678 1439 σήμερον
1722 1359 1869 1420 Urb.
1901 1392 1983 1403 -—
2012 1366 2217 1423 ταῦτα
2261 1355 2459 1423 εἰπὼν
2505 1358 2527 1442 ΙΙ

580 1457 774 1525 ταῦτ’
819 1461 964 1521 Urb.
1010 1494 1093 1505 -—
1138 1457 1335 1524 εἰπὼν
1366 1457 1392 1543 ΙΙ
1425 1461 1543 1541 ἔφη
1589 1459 1641 1523 ἓῑ
1683 1495 1767 1505 --
1811 1464 2124 1542 κατέθηκε
2153 1460 2174 1542 Ι
2208 1513 2220 1525 .
2258 1486 2298 1525 ν
2340 1455 2393 1520 Γ
2435 1496 2520 1505 -

580 1558 901 1722 {mem-aru
946 1580 1063 1623 om.
1112 1561 1309 1624 wrb.
1366 1594 1452 1606 -—
1505 1558 1585 1626 τὰ
1630 1562 1698 1639 ἐξ
1740 1561 1764 1642 ΙΙ
1805 1559 1926 1639 τάξ
1972 1556 2018 1620 Γ
2065 1596 2146 1607 --
2191 1568 2458 1643 Ποικίλῃ
2505 1560 2528 1643 ΙΙ

581 1682 708 1725 slne
755 1690 776 1727 ι

683 1951 1216 2020 ΑΡΡΑΒΑΤΠΜ
1261 1948 1653 2018 ΟΟΒΙΟΠΜ
1696 1950 1818 2016 AD
1863 1949 2220 2018 LUOIANI

544 2140 792 2201 Lucium
823 2158 867 2205 s,
902 2141 1149 2201 Asinum
1186 2140 1518 2218 collectum,
1567 2140 1676 2199 etsi
1717 2140 1875 2215 typis
1919 2141 2036 2198 iam
2083 2144 2175 2200 est
2219 2156 2530 2219 exeussus,

372 2248 437 2304 ut
484 2246 659 2305 etiam
700 2244 1027 2321 pleniorem
1059 2243 1367 2304 redderem
1414 2260 1547 2302 oum
1588 2244 1720 2319 ipso
1761 2241 1994 2318 dialogo
2038 2242 2098 2300 in
2141 2243 2372 2302 tertium
2419 2260 2530 2303 vo—

375 2348 573 2408 lumen
618 2348 873 2424 seposui.
966 2348 1110 2407 Sunt
1151 2350 1345 2406 autem
1393 2362 1539 2421 quos
1586 2345 1807 2405 contuli
1850 2342 1914 2403 hi
1956 2344 2224 2405 codices:

468 2450 629 2511 Gorl.
678 2450 733 2509 A
777 2449 989 2527 incipit
1032 2467 1084 2509 o.
1118 2455 1155 2508 4
1200 2448 1358 2508 med.
1405 2466 1442 2508 a
1485 2446 1688 2507 verbis
1728 2442 1767 2526 ἦ
1814 2449 1878 2509 δὲ
1922 2443 2290 2522 μειδιάσασα

462 2553 660 2613 Marc.
711 2556 831 2612 436
878 2545 959 2609 Ψ
1000 2568 1190 2626 nsque
1234 2550 1312 2609 ad
1356 2566 1410 2608 o.
1458 2553 1536 2608 44
1583 2547 1686 2624 qui
1729 2548 1863 2608 finis
1908 2554 2003 2610 est
2046 2547 2264 2609 codicis

478 2654 606 2715 Vat.
644 2658 717 2713 87
746 2649 799 2712 21
839 2670 1031 2729 usqne
1076 2652 1155 2712 ad
1198 2650 1378 2711 finem
1425 2649 1647 2711 codicis
1693 2667 1745 2709 o.
1787 2655 1858 2711 18
1906 2645 2290 2725 αἰσθόμενος
2332 2653 2440 2711 καὶ

478 2756 607 2817 Vat.
658 2760 733 2815 90
781 2749 833 2813 Γ
881 2757 956 2831 (e.
997 2757 1197 2814 1--26
1245 2752 1417 2814 det.
1463 2771 1515 2811 e.
1549 2754 1798 2811 27—54
1843 2749 2029 2825 Mau.)

468 2860 665 2918 Paris.
718 2860 873 2917 3011
914 2856 960 2917 O
1007 2874 1059 2916 o.
1096 2863 1128 2917 5
1176 2856 1302 2915 init.
1353 2855 1487 2915 eod.
1535 2888 1617 2899 -—
1661 2872 1713 2913 o.
1755 2859 1850 2913 10.

554 2957 813 3031 Quorum
856 2958 1121 3018 codicum
1164 2958 1416 3017 maxime
1461 2956 1833 3016 consentiunt
1875 2948 2062 3017 211'112
