2750 4534
427 243 506 300 10
1305 243 1717 308 [ΔΟΥΚΙΑΝΟΥ]

422 437 572 497 μεν,
630 404 826 490 ὅπως
882 405 974 480 δι’
1026 409 1304 499 ἠρεμίας
1349 405 1613 480 ἇκοῦειν
1669 438 1745 479 τε
1788 415 1901 478 καὶ
1946 414 2156 498 λέγειν
2211 403 2359 478 ἅττ’
2413 401 2494 477 ἂν
2536 408 2576 498 ᾖ

423 517 857 600 βουλομένοις
914 513 1045 603 ἐξῇ.
1133 519 1484 604 μέμνησθε
1550 516 1622 581 δὲ
1681 511 1771 592 ὡς
1826 511 1861 582 o‘
1922 514 2205 599 τήμερον
2260 509 2583 602 ἡττηθεὶς

324 628 394 683 18
434 609 649 684 οὐκέτ’
716 603 920 694 αῦθις
961 611 1119 704 ἡμῖν
1177 618 1336 703 περὶ
1380 619 1515 682 τῶν
1558 617 1725 683 ἰ’σων
1773 616 2126 706 διοχλήσει.
2222 620 2319 683 18.
2365 617 2583 693 καλῶς

427 719 623 798 ἔδοξα
653 723 864 786 ταῦτα
892 720 1104 803 λέγειν
1135 721 1250 784 καὶ
1294 718 1946 803 συγκαταινεσάντων
1995 712 2211 785 αῦτῶν
2260 716 2579 806 ἐξῄειμεν,

426 819 547 907 ἐγώ
581 821 702 906 μὲν
735 816 1055 907 ἡδόμενος
1101 817 1417 904 οὐδεμιᾶς
1460 845 1543 904 με
1573 820 1931 908 πιεζούσης
1977 821 2354 908 φροντίδος,
2403 821 2467 885 οἶ
2508 813 2573 884 δ’

427 924 542 990 ἐπὶ
603 927 912 1000 συννοίας
965 921 1253 1010 μεγάλην
1313 921 1381 988 ἐν
1426 921 1689 999 ἑαυτοῖς
1748 927 1990 1008 σκέψιν
2048 918 2187 988 ἄνω
2245 924 2356 988 καὶ
2401 921 2579 987 κάτω

426 1026 808 1101 κυκλοῦντες
853 1019 940 1101 ὡς
983 1027 1141 1111 περὶ
1187 1027 1306 1113 τῆς
1352 1031 1803 1107 προπομπίας
1848 1017 2329 1109 ἀγωνιούμενοι
2388 1024 2579 1088 Πλα-

422 1130 733 1194 ταιᾶσιν·
780 1125 930 1192 ἐπεὶ
980 1119 1045 1190 δ’
1096 1119 1338 1214 ήκομεν
1385 1126 1482 1204 ε’ίς
1525 1153 1592 1192 τι
1630 1126 1998 1214 συνηρεφὲς
2039 1129 2151 1193 καὶ
2183 1128 2580 1191 παλίνσκιον

425 1222 568 1317 ὥρᾳ
612 1233 858 1313 θέρους
906 1223 1471 1316 ἆναπαυστήριον,
1515 1225 1735 1314 ”Ηδύς,
1783 1228 2025 1309 εἰπών,
2071 1224 2105 1295 0‘
2154 1228 2380 1309 τόπος,
2430 1226 2574 1312 ἐγώ,

422 1333 535 1398 καὶ
576 1330 702 1419 γὰρ
762 1333 828 1398 οἱ
871 1330 1038 1398 κατὰ
1095 1330 1390 1419 κορυφὴν
1449 1329 1714 1417 λιγυρὸν
1758 1330 2087 1419 ῦπηχοῦσι
2131 1336 2445 1416 τέττιγες,
2512 1331 2579 1397 ἐν

425 1439 608 1521 μέσῳ
655 1433 833 1501 πάνυ
868 1433 1263 1512 δικαστικῶς
1305 1433 1685 1521 καθεζόμην
1727 1426 1931 1520 αὐτὴν
1977 1433 2092 1500 ἐπὶ
2135 1446 2286 1510 ταῖς
2330 1426 2578 1520 ὀφρύσι

419 1534 542 1625 τὴν
582 1531 889 1603 Ἡλιαίαν
937 1535 1118 1618 ἔχων.
1206 1538 1503 1621 προθεὶς
1550 1529 1610 1600 δ’
1664 1529 2071 1623 ἀμφοτέροις
2126 1535 2362 1620 κλῆρον
2406 1531 2577 1619 ὑπὲρ

423 1642 544 1705 τοῦ
586 1644 738 1704 τίνα
790 1637 914 1728 χρὴ
961 1641 1232 1723 πρῶτον
1278 1637 1527 1719 εἰπεῖν,
1584 1635 1817 1727 ἐπειδὴ
1864 1639 2205 1724 Χαρικλῆς
2251 1636 2578 1722 ἐλελόγχει

423 1740 784 1826 πρότερον,
854 1734 1060 1817 εὐθὺς
1127 1739 1531 1826 ἐνάρχεσθαι
1596 1744 1714 1806 τοῦ
1782 1739 1978 1826 λόγου
2045 1738 2575 1827 διεκελευσάμην.

319 1851 531 1912 1919.
591 1840 625 1909 ὖ
689 1844 762 1910 δὲ
816 1847 898 1930 τῇ
957 1841 1144 1930 δεξιᾷ
1198 1840 1272 1908 τὸ
1332 1842 1707 1928 πρόσωπον
1765 1836 2145 1928 ἆνατρίψας
2200 1838 2407 1929 ἡσυχῇ
2462 1845 2577 1908 καὶ

427 1945 662 2033 μικρὸν
731 1944 1023 2029 ἐπισχών
1087 1939 1358 2031 ὂῖρχεται
1414 1945 1573 2032 τῇδέ
1628 1971 1756 2033 πη,
1826 1951 1944 2026 Σέ,
2015 1946 2373 2025 δέσποινα,
2442 1948 2576 2010 τῶν

420 2043 592 2132 ῦπὲρ
640 2050 762 2113 σοῦ
807 2046 1052 2132 λόγων,
1099 2041 1506 2135 Ἀφροδίτη,
1570 2047 1643 2112 σὲ
1686 2044 1948 2134 βοηθὸν
1997 2047 2067 2113 αἱ
2114 2045 2269 2128 ἐμαὶ
2315 2047 2575 2132 δεήσεις

419 2152 768 2215 καλοῦσιν·
820 2141 1073 2215 ἷὶπαντι
1135 2151 1256 2231 μὲν
1299 2147 1425 2235 γὰρ
1473 2149 1660 2236 ἔργῳ,
1709 2143 1765 2236 ᾦ
1810 2138 1931 2215 κᾶν
1973 2147 2181 2234 βραχὺ
2226 2152 2348 2235 τῆς
2395 2149 2575 2228 ἰδίας

419 2255 711 2328 πειθοῦς
758 2249 1104 2338 ἐνστάξῃς,
1160 2251 1583 2319 τελειότατόν
1631 2250 1828 2332 ἐστιν,
1878 2252 1943 2318 οἱ
1990 2245 2053 2317 δ’
2106 2250 2406 2336 ἐρωτικοὶ
2454 2251 2571 2318 λό-

419 2378 527 2439 γοι
592 2357 925 2439 περιττῶς
992 2357 1114 2421 σοῦ
1171 2352 1469 2420 δέονται·
1539 2353 1618 2420 σὺ
1676 2353 1802 2439 γὰρ
1870 2347 2088 2420 αὐτῶν
2149 2353 2565 2442 γνησιωτάτη
2586 2376 2672 2427 419

419 2455 654 2544 μήτηρ.
744 2455 859 2522 >ι’θι
917 2454 993 2541 δὴ
1040 2455 1296 2540 γυναιξὶ
1344 2455 1702 2544 συνήγορος
1759 2452 1796 2542 ἦ
1846 2454 2123 2541 θήλεια,
2172 2457 2450 2543 χάρισαι
2496 2457 2568 2522 δὲ

419 2561 531 2625 καὶ
575 2571 720 2636 τοῖς
766 2551 1050 2643 ἇνδράσι
1094 2563 1316 2641 μένειν
1359 2554 1649 2644 ἄρρεσιν,
1698 2555 1790 2636 ὥς
1834 2557 2303 2647 ἐγεννήθησαν.
2380 2553 2560 2644 ἔγωγ’

422 2649 535 2728 οῦν
583 2655 788 2739 εῦθῦς
832 2659 900 2727 ἐν
945 2655 1112 2748 ἇρχῐ
1167 2665 1287 2728 τοῦ
1333 2661 1529 2746 λόγου
1575 2660 1694 2750 τὴν
1740 2661 2135 2750 προμήτορα
2188 2665 2299 2727 καὶ
2344 2663 2568 2750 πάσης

417 2769 734 2850 γενέσεως
800 2762 1256 2851 πρωτόρριζον
1329 2757 1421 2828 ὧν
1490 2758 1658 2842 ἀξιῶ
1720 2764 2026 2850 μάρτυρα
2100 2763 2565 2849 ἐπικαλοῦμαι,

419 2868 586 2951 λέγω
647 2864 718 2930 δὲ
761 2863 881 2951 τὴν
928 2864 1111 2950 ἱερὰν
1171 2869 1303 2930 τῶν
1348 2858 1525 2932 ὅλων
1570 2865 1804 2953 φύσιν,
1851 2862 1890 2954 ἣ
1935 2863 2020 2931 τὰ
2064 2870 2305 2952 πρῶτα
2349 2867 2570 2955 πηξα-

418 2971 578 3055 μένη
641 2981 937 3049 στοιχεῖα
991 2970 1112 3033 τοῦ
1157 2967 1409 3051 κόσμου
1464 2971 1583 3054 γῆν
1631 2961 1795 3055 ἀέρα
1856 2972 1993 3055 πῦρ
2038 2962 2215 3054 ὕδωρ
2260 2973 2344 3057 τῇ
2389 2969 2566 3056 πρὸς

417 3064 673 3157 ἄλληλα
746 3069 998 3136 τούτων
1075 3069 1432 3153 ἐπικράσει
1519 3073 1658 3135 πᾶν
1732 3070 2172 3159 ἐζῳογόνησεν
2245 3071 2563 3157 ἔμψυχον.

419 3171 830 3259 ἐπισταμένη
891 3165 954 3237 δ’
1020 3164 1129 3238 ὅτι
1171 3175 1428 3260 θνητῆς
1488 3169 1684 3255 ἐσμὲν
1738 3165 1900 3261 ῦλης
1945 3173 2403 3261 δημιούργημα
2454 3177 2565 3240 καὶ

414 3272 660 3361 βραχὺς
699 3274 936 3360 χρόνος
979 3271 1013 3340 ὃ
1047 3278 1166 3340 τοῦ
1212 3274 1322 3359 ζῆν
1367 3273 1625 3362 ἑκάστῳ
1670 3281 2143 3361 καθείμαρται,
2188 3275 2307 3366 τὴν
2338 3275 2563 3363 ἑτέρου

416 3376 693 3466 φθορὰν
760 3371 965 3442 ἄλλου
1029 3382 1284 3463 γένεσιν
1352 3377 1806 3466 ἐμηχανήσατο
1872 3382 1983 3446 καὶ
2048 3383 2147 3465 τῷ
2202 3373 2565 3469 θνήσκοντι

412 3477 488 3546 τὸ
522 3478 908 3562 τικτόμενον
956 3472 1450 3568 ἆντεμέτρησεν,
1498 3481 1610 3546 ἵνα
1652 3494 1802 3558 ταῖς
1846 3473 2013 3566 παρ’
2068 3475 2368 3567 ἀλλήλων
2414 3483 2564 3548 δια-

415 3582 641 3665 δοχαῖς
699 3579 765 3659 ἐς
809 3581 925 3648 τὸν
973 3574 1078 3649 ἀεὶ
1137 3575 1376 3666 χρόνον
1423 3582 1653 3666 ζῶμεν.
1743 3581 1894 3649 ἐπεὶ
1947 3577 2011 3648 δ’
2060 3569 2142 3669 ἦν
2188 3579 2447 3670 ἄπορον
2493 3584 2567 3662 ἐξ

413 3683 560 3762 ἑνός
623 3710 690 3750 τι
745 3687 1148 3770 γεννᾶσθαι,
1217 3685 1462 3771 διπλῆν
1530 3686 1601 3752 ἐν
1658 3683 1915 3772 ἑκάστῳ
1974 3684 2177 3771 φύσιν
2237 3684 2561 3774 ἐμηχανή-

415 3807 609 3854 σατο·
663 3799 806 3864 τοῖς
850 3787 970 3870 μὲν
1012 3785 1138 3874 γὰρ
1184 3781 1455 3874 ἄρρεσιν
1509 3786 1687 3865 ἰδίας
1730 3785 2109 3873 καταβολὰς
2156 3788 2562 3873 σπερμάτων

405 3893 848 3977 χαρισαμένη,
906 3887 982 3956 τὸ
1028 3889 1208 3976 θῆλυ
1255 3882 1318 3954 δ>
1372 3881 1600 3975 ὥσπερ
1644 3892 1842 3978 γονῆς
1884 3916 1952 3956 τι
1998 3890 2252 3973 δοχεῖον
2299 3884 2561 3977 ἀγγεῖον

416 3985 861 4080 ἇποφήνασα,
913 3991 1134 4060 κοινὸν
1181 3984 1541 4078 ἆμφοτέρῳ
1584 3996 1758 4077 γένει
1803 3991 2032 4058 πόθον
2078 3991 2558 4083 ἐγκερασαμένη
