2750 4534
842 241 1147 295 lUPPITER
1182 241 1636 295 CONFUTATUS.
2196 242 2320 300 223

302 565 783 649 LUOIANI
827 564 1367 649 IUPPITER
1412 565 2160 650 CONFUTATUS.

974 860 1292 921 Lectiones
1333 861 1609 921 codicum

1332 962 1494 1021 Gorl.
1542 961 1599 1020 A

1322 1064 1519 1123 Marc.
1569 1066 1691 1123 434
1737 1056 1806 1119 Ω

1324 1166 1521 1225 Marc.
1570 1170 1691 1223 445

1334 1267 1464 1327 Vat.
1517 1270 1590 1326 87
1643 1264 1694 1327 21

1336 1369 1466 1429 Vat.
1517 1372 1594 1428 90
1641 1362 1694 1425 Γ

1220 1453 1225 1459 ’
1327 1470 1690 1531 Mutinensis
1731 1469 1876 1529 Mut-

610 1640 875 1700 collatae
920 1656 1054 1699 cum
1098 1640 1362 1701 editione
1413 1638 1851 1701 Teubner-iana.

141 1810 197 1853 c.
242 1797 295 1851 1.
325 1796 435 1854 καὶ
475 1795 749 1872 χρυσίον
777 1786 797 1872 ss
825 1787 863 1870 ἢ
904 1787 1149 1871 χρυσόν
1181 1786 1250 1850 Ω
1280 1798 1403 1851 445
1439 1786 1692 1853 F21Mut.
1728 1826 1808 1834 —
1853 1795 1959 1853 καὶ
1989 1795 2312 1866 βασιλείας

387 1890 424 1975 ἢ
482 1898 812 1971 βασιλείαν
870 1887 939 1951 Ω
972 1900 1092 1953 445
1126 1888 1383 1956 P21Mut.
1431 1928 1512 1938 -—
1558 1897 1760 1957 αἰτῶν
1803 1890 1824 1975 ss
1868 1890 2084 1955 αὐτῶν
2128 1894 2183 1951 Α
2237 1926 2310 1935 -

320 2009 461 2071 τοῖς
519 1988 743 2072 ἄλλοις
784 1990 805 2077 ss
843 2020 895 2059 τ.
959 1987 1058 2059 ἄλ.
1122 2004 1393 2072 πολλοῖς
1450 2031 1533 2041 -
1586 2001 1692 2059 καὶ
1753 2001 1853 2059 σοὶ
1913 1993 1995 2058 ου’
2038 1991 2058 2077 ss
2100 2000 2200 2059 σοὶ
2246 1992 2314 2057 δ’

324 2096 427 2177 ου’,
477 2117 592 2158 om.
625 2103 731 2161 καὶ
763 2092 1109 2177 QFQIMut„
1157 2104 1263 2161 καὶ
1302 2104 1404 2162 σοὶ
1436 2096 1506 2161 δ’
1537 2096 1618 2162 οὐ
1650 2104 1770 2159 445
1817 2131 1900 2141 -
1945 2096 2311 2177 εὐχομένων

322 2198 544 2265 αὐτῶν
589 2196 607 2283 ss
652 2198 871 2264 αὐτῶν
916 2198 1281 2279 εὐχομένων
1314 2207 1436 2261 445
1487 2235 1561 2243 --
1612 2201 1853 2283 ῥᾷστον
1881 2198 1902 2282 ΙΙ
1929 2197 2155 2282 ῥᾴδιον
2190 2207 2309 2260 445

321 2304 566 2383 ρἅτον
626 2298 675 2360 Γ
719 2337 803 2346 -
860 2299 949 2380 ὡς
1003 2300 1125 2384 φής
1170 2299 1187 2384 ΙΙ
1233 2300 1321 2379 ὡς
1383 2304 1535 2383 ἔφης
1579 2296 1630 2361 Γ
1674 2338 1757 2348 -
1814 2300 1962 2383 εὐχὴ
2006 2298 2025 2381 ss
2069 2304 2313 2383 αἴτησις

320 2404 373 2467 91
426 2440 511 2449 -
556 2410 611 2467 εἰ
648 2402 669 2487 ss
711 2423 826 2465 om.
876 2404 925 2465 21
972 2440 1054 2449 —-
1099 2406 1228 2467 ἐστι
1272 2401 1291 2485 ss
1335 2406 1508 2467 ἐστιν
1554 2400 1751 2465 FMut.
1799 2440 1880 2449 —-
1939 2401 2018 2468 τὰ
2064 2410 2208 2484 περὶ
2253 2429 2312 2467 τ.

316 2504 337 2589 ss
383 2502 422 2570 ἃ
469 2531 530 2570 π.
581 2531 632 2570 τ.
684 2501 753 2565 Ω
786 2513 907 2567 445
942 2502 1139 2567 FMut.
1188 2542 1271 2551 --
1314 2514 1450 2570 τῶν
1492 2514 1763 2587 Μοιρῶν
1805 2503 1824 2587 ss
1867 2525 1983 2567 om.
2018 2514 2154 2569 τῶν
2183 2501 2310 2565 ΑΩ

320 2614 444 2670 445
478 2602 678 2669 PMut.
714 2643 794 2653 —
825 2604 864 2672 ἃ
911 2610 994 2674 ἐκ.
1030 2604 1048 2689 ΙΙ
1078 2604 1117 2673 ἃ
1164 2627 1277 2669 om.
1324 2604 1394 2667 Ω
1427 2615 1546 2670 445
1581 2605 1630 2667 Γ
1665 2644 1745 2653 -
1777 2604 2310 2689 ἐρραψωὸήκασιν

314 2708 335 2793 ss
392 2713 908 2796 ἐρραψῳδίκασιν
966 2712 1113 2772 Mut.
1172 2746 1255 2756 —
1312 2704 1568 2789 ἄφυκτα
1623 2707 1644 2793 ss
1696 2704 1984 2789 ἄφευκτα
2047 2706 2168 2769 ΩΓ
2226 2746 2307 2755 -

320 2808 512 2877 αὗται
555 2810 577 2895 ss
619 2812 808 2877 αὐταὶ
865 2808 988 2872 ΩΓ
1034 2848 1115 2859 ——
1175 2810 1522 2895 ἐπινήσωσι
1565 2810 1584 2896 ΙΙ
1627 2810 2012 2896 ἐπινήσωσιν
2071 2808 2123 2872 Γ
2181 2814 2310 2876 ἐπι-

317 2963 605 3051 νοήσωσι
666 2964 716 3028 21
760 3000 842 3010 -
900 2969 1248 3051 γεινομένῳ
1288 2962 1310 3050 ss
1352 2971 1734 3051 γεννωμένῳ
1779 2963 1847 3028 Ω
1902 2929 2309 3047 γειῗνωμένωι

317 3065 371 3129 Γ
416 3073 736 3153 γινομένῳ
784 3074 902 3129 445
962 3072 1373 3147 γεννωμένων
1419 3072 1566 3131 Mut.
1626 3105 1706 3115 —
1763 3066 1974 3135 οπόσα
2031 3077 2308 3149 γίγνεται

315 3169 335 3254 ss
379 3169 501 3236 οσα
546 3170 628 3235 ἂν
672 3178 921 3251 γίνηται
968 3177 1123 3251 445,
1181 3178 1420 3250 γίνεται
1473 3167 1524 3230 Γ
1571 3206 1650 3217 -
1697 3170 2019 3251 ἀπόβασιν
2075 3169 2096 3253 fl
2152 3168 2309 3236 α’πό-

322 3293 523 3352 φασιν
571 3278 690 3334 445

136 3397 191 3439 ο.
225 3382 287 3437 2.
324 3371 575 3439 οπόταν
620 3398 657 3437 ο
704 3370 901 3449 αὐτὸς
948 3371 1014 3439 ’0.
1065 3370 1167 3455 ss⁰
1127 3397 1287 3438 οταν
1335 3372 1531 3451 αὐτὸς
1575 3400 1612 3439 ο
1657 3372 1723 3441 ’0.
1775 3376 1827 3438 21
1871 3412 1954 3421 —-
2000 3377 2068 3440 ἐν
2113 3378 2307 3461 ἑτέρῳ

313 3481 488 3559 μέρει
531 3473 551 3559 ss
594 3495 709 3540 om.
752 3478 924 3556 μέρει
971 3482 1091 3537 445
1143 3511 1218 3521 -
1266 3480 1416 3557 λέγῃ
1461 3475 1480 3560 ss
1521 3481 1669 3559 λέγη
1715 3471 1766 3537 Γ
1814 3512 1893 3523 —-
1950 3483 2056 3541 καὶ
2101 3476 2262 3559 ὑπὲρ
2291 3473 2311 3559 ΙΙ

319 3598 435 3639 om.
482 3585 589 3642 καὶ
634 3573 703 3638 Ω
747 3613 828 3623 -
876 3582 1234 3660 εἰσαφίκηαι
1287 3599 1402 3640 om.
1447 3575 1573 3641 ΑΩ
1620 3586 1740 3642 445
1788 3575 1989 3642 PMut.
2034 3616 2117 3627 ——-
2161 3576 2308 3644 τότε

315 3677 337 3762 ss
387 3701 505 3742 om.
554 3688 673 3742 445
722 3714 804 3725 -—-
837 3679 1031 3746 οὐδὲν
1075 3678 1196 3762 γὰρ
1242 3679 1324 3745 ἂν
1368 3678 1547 3746 οὕτω
1591 3685 1845 3762 γένοιτο
1888 3678 1908 3766 ΙΙ
1952 3681 2140 3747 οὐδὲν
2184 3680 2306 3763 γὰρ

320 3780 499 3847 οὕτω
532 3781 765 3862 γένοιτ’
789 3780 871 3847 ἂν
893 3778 1165 3847 QPMut.
1187 3818 1269 3829 —
1295 3780 1532 3849 ὁπόσα.
1557 3836 1570 3849 .
1590 3837 1603 3850 .
1627 3783 1735 3850 ἂν.
1756 3837 1769 3850 .
1789 3836 1804 3851 .
1825 3778 2026 3869 ᾳὸωσι
2054 3782 2306 3868 [Ιοπόσα

364 3936 379 3951 .
416 3936 429 3949 .
468 3877 693 3967 ᾳὸουσι
726 3903 841 3948 om.
886 3910 967 3949 αν
1000 3892 1143 3965 445,
1188 3876 1448 3965 αὸωσιν,
1495 3906 1614 3948 non
1651 3907 1768 3953 om.
1816 3912 1897 3953 αν
1929 3885 1978 3947 Γ
2002 3922 2084 3933 -
2114 3886 2306 3953 οὐδὲν

232 3964 335 4067 ΙΙ
378 3985 457 4051 οὐ
500 3988 651 4049 Mat.
696 4019 771 4031 -
829 3986 995 4051 καθ
1039 3984 1278 4065 αυτοὺς
1317 3982 1337 4070 ΙΙ
1381 3986 1537 4052 κατ’
1583 3986 1820 4067 αὐτούς
1862 3985 1914 4049 Γ
1958 3989 2122 4055 καθ’
2167 3993 2308 4055 ἑαυ-
