2750 4534
417 248 539 305 152
1307 247 1679 302 Aonfflfflor

589 420 892 483 ETAIP.
965 416 1455 499 Παντάπασιν,
1498 402 1553 482 ὦ
1600 420 1962 497 Μένιππε,
2015 417 2415 503 παγγέλοιος
2460 418 2587 481 καὶ

417 524 885 607 τεταραγμένη.
2391 514 2401 521 ’

591 626 818 689 ΜΕΝ.
895 624 1027 687 Καὶ
1075 620 1226 710 μήν,
1272 604 1325 685 ὦ
1367 620 1609 707 ἑταῖρε,
1654 623 1953 687 τοιοῦτοι
1998 618 2245 697 πάντες
2290 618 2463 687 εἰσὶν
2512 620 2589 687 οἱ

421 722 538 790 ἐπὶ
568 726 688 813 γῆς
712 726 1021 806 χορευταὶ
1065 716 1190 790 κάκ
1217 722 1533 811 τοιαύτης
1564 719 2021 809 ἀναρμοστίας
2064 720 2099 789 ὁ
2133 726 2265 788 τῶν
2298 715 2589 808 ἀνθρώ-

421 852 571 893 πων
628 832 779 911 βίος
837 829 1300 906 συντέτακται,
1368 819 1444 892 οὗ
1504 824 1710 909 μόνον
1768 818 2016 911 ἀπῳδὰ
2074 829 2589 913 φθεγγομένων,

425 922 594 993 ἀλλὰ
641 930 752 995 καὶ
797 920 1134 1011 άνομοίων
1177 926 1262 993 τὰ
1309 927 1613 1017 σχήματα
1656 930 1763 994 καὶ
1810 922 2131 995 τᾶναντία
2173 932 2591 1011 κινουμένων
2666 1008 2671 1013 ,

421 1033 534 1098 καὶ
588 1022 832 1095 ταύτὸν
891 1023 1082 1097 οὐδὲν
1139 1028 1621 1110 ἐπινοούντων,
1680 1025 1833 1113 ἄχρι
1890 1020 1971 1096 ἂν
2030 1028 2241 1097 αὐτῶν
2301 1028 2591 1097 ἕκαστον

423 1129 457 1199 ὃ
512 1129 793 1219 χορηγὸς
860 1125 1167 1219 ἀπελάσῃ
1226 1135 1344 1221 τῆς
1402 1135 1638 1221 σκηνῆς
1706 1126 1925 1199 οῦκέτι
1992 1132 2269 1199 δεῖσθαι
2334 1134 2554 1219 λέγων
2572 1156 2589 1169 ·

424 1226 821 1301 τοῦντεῦθεν
883 1234 954 1301 δὲ
999 1226 1228 1318 ὅμοιοι
1271 1234 1523 1311 πάντες
1564 1230 1690 1324 ἤδη
1738 1238 2153 1315 σιωπῶντες,
2197 1230 2415 1302 οὐκέτι
2460 1234 2593 1322 τὴν

427 1339 721 1423 συμμιγῆ
777 1334 1028 1425 ἐκείνην
1085 1338 1197 1403 καὶ
1257 1332 1541 1403 ἄτακτον
1598 1330 1777 1425 ᾠδὴν
1838 1330 2233 1426 ἀπᾴδοντες.
2293 1330 2443 1402 ἀλλ’
2522 1337 2595 1403 ἐν

429 1429 612 1523 αὐτῷ
667 1461 742 1523 γε
799 1438 1088 1524 ποικίλῳ
1141 1439 1252 1503 καὶ
1309 1438 1657 1505 πολυειδεῖ
1710 1441 1808 1524 τῷ
1864 1436 2138 1524 θεάτρῳ
2183 1438 2409 1505 πάντα
2460 1441 2703 1522 μὲνττε

324 1549 397 1604 18
429 1541 654 1624 γελοῖα
716 1532 1063 1627 δήπουθεν
1121 1524 1202 1628 ἦν
1256 1538 1341 1605 τά
1386 1540 1770 1626 γιγνόμενα·
1848 1544 1943 1607 18.
1988 1540 2285 1624 μάλιστα
2344 1540 2415 1607 δὲ
2466 1537 2589 1608 ἐπ’

431 1639 708 1718 ἐκείνοις
753 1639 950 1729 ἐπῄει
993 1667 1111 1725 μοι
1139 1643 1338 1727 γελᾶν
1382 1655 1526 1719 τοῖς
1571 1645 1727 1727 περὶ
1771 1645 1889 1731 γῆς
1918 1634 2093 1728 ὅρων
2138 1641 2430 1729 ἐρίζουσι
2476 1648 2596 1710 καὶ

429 1756 571 1821 τοῖς
614 1748 784 1829 μέγα
829 1748 1193 1830 φρονοῦσιν
1251 1742 1369 1811 ἐπὶ
1412 1748 1506 1830 τῷ
1564 1744 1642 1811 τὸ
1689 1744 2055 1811 Σικυώνιον
2099 1745 2336 1812 πεδίον
2380 1771 2597 1832 γεωρ-

430 1859 568 1931 γεῖν
613 1834 655 1931 ἢ
700 1848 1145 1930 Μαραθῶνος
1189 1844 1360 1927 ἔχειν
1405 1844 1487 1910 τὰ
1524 1849 1682 1930 περὶ
1726 1844 1847 1935 τὴν
1886 1846 2131 1933 Οἰνόην
2161 1836 2203 1935 ἢ
2226 1840 2599 1937 Ἀχαρνῆσι

435 1949 706 2032 πλέθρα
734 1950 1100 2034 κεκτῆσθαι
1125 1950 1346 2030 χίλια·
1391 1951 1510 2033 τῆς
1537 1952 1693 2034 γοῦν
1717 1945 2029 2028 Ἑλλάδος
2073 1941 2248 2037 ὅλης,
2297 1945 2388 2027 ὥς
2431 1951 2599 2017 τότε

433 2073 551 2132 μοι
596 2044 864 2116 ἄνωθεν
924 2048 1271 2137 ἐφαίνετο,
1333 2045 1669 2117 δακτύλων
1728 2048 1928 2140 οὔσης
1969 2049 2047 2119 τὸ
2092 2056 2385 2137 μέγεθος
2439 2078 2599 2119 τετ-

433 2150 653 2237 τάρων
697 2150 867 2218 κατὰ
915 2151 1139 2238 λόγον,
1187 2149 1413 2236 οἶμαι,
1472 2148 1511 2241 ἦ
1550 2146 1817 2240 Ἀττικὴ
1866 2154 2448 2241 πολλοστημόριον
2494 2140 2599 2241 ἧν.

437 2248 609 2320 ὥστε
665 2252 962 2321 ἐνενόουν
1021 2248 1134 2341 ἐφ’
1201 2251 1440 2341 ὁπόσῳ
1497 2268 1638 2332 τοῖς
1692 2257 2049 2334 πλούσίοις
2104 2250 2368 2335 τούτοις
2419 2262 2597 2343 μέγα

438 2368 707 2443 φρονεῖν
756 2357 1240 2422 ’κατελείπετω
1329 2355 1562 2438 σχεδὸν
1633 2354 1759 2442 γὰρ
1832 2352 1867 2422 ὅ
1938 2357 2596 2443 πολυπλεθρότατος

439 2451 656 2524 αὐτῶν
701 2464 863 2541 μίαν
921 2461 1054 2524 τῶν
1095 2456 1564 2543 Ἐπικουρείων
1625 2453 1891 2541 ἀτόμων
1950 2458 2163 2527 ἐδόκει
2218 2485 2335 2543 μοι
2379 2485 2597 2547 γεωρ-

437 2574 593 2647 γεῖν.
685 2554 1088 2645 ἀποβλέψας
1133 2559 1206 2625 δὲ
1252 2559 1329 2647 δὴ
1393 2563 1502 2628 καὶ
1560 2559 1626 2639 ἐς
1668 2559 1787 2650 τὴν
1830 2560 2383 2648 Πελοπόννησον,
2443 2559 2598 2629 εἶτα

437 2662 556 2751 τὴν
615 2668 1073 2745 Κυνοσουρίαν
1138 2666 1257 2748 γῆν
1317 2661 1480 2729 ἰδών
1540 2662 1964 2751 ἀνεμνήσθην
2023 2666 2180 2748 περὶ
2238 2656 2401 2730 ὅσου
2454 2690 2597 2745 χω-

442 2772 617 2852 ρίου,
677 2758 824 2831 κατ’
890 2761 1080 2831 οὐδὲν
1123 2764 1515 2850 Αἰγυπτίου
1574 2769 1790 2853 φακοῦ
1846 2767 2292 2849 πλατυτέρου,
2350 2770 2599 2833 τοσοῦ-

442 2892 552 2933 τοι
597 2865 840 2932 ἔπεσον
863 2860 1179 2951 Ἀργείων
1208 2868 1320 2933 καὶ
1349 2867 1915 2951 Λακεδαιμονίων
1945 2870 2106 2951 μιᾶς
2134 2864 2405 2957 ἡμέρας.
2481 2873 2599 2937 καὶ

444 2967 573 3054 μὴν
613 2968 679 3034 εἴ
703 2994 854 3034 τινα
886 2967 1106 3051 ἰ’δοιμι
1150 2968 1269 3035 ἐπὶ
1293 2972 1519 3055 χρυσῷ
1560 2974 1729 3055 μέγα
1760 2974 2154 3058 φρονοῦντα,
2200 2970 2309 3037 ὅτι
2354 2971 2599 3037 δακτυ-

449 3073 631 3147 λίους
675 3094 748 3135 τε
792 3065 958 3151 εἶχεν
1015 3069 1186 3135 ὀκτώ
1232 3073 1344 3137 καὶ
1390 3070 1639 3159 φιάλας
1683 3076 2033 3153 τέτταρας,
2093 3071 2271 3138 πάνυ
2315 3074 2429 3137 καὶ
2476 3072 2600 3141 ἐπὶ

445 3170 662 3256 τούτῳ
711 3160 789 3235 ἂν
835 3169 1093 3257 ἐγέλων.
1182 3170 1259 3236 τὸ
1306 3171 1433 3257 γὰρ
1479 3174 1824 3260 Πάγγαιον
1871 3166 2026 3241 ὅλον
2075 3167 2303 3252 αὐτοῖς
2343 3174 2600 3257 μετάλ-

450 3276 591 3351 λοις
634 3286 1003 3358 κεγχριαῖον
1049 3260 1127 3361 ἦν
1171 3272 1246 3371 τὸ
1293 3278 1603 3359 μέγεθος.

220 3378 226 3385 ’
333 3385 420 3441 ’19
623 3380 721 3443 19.
813 3379 1116 3444 ΕΤΑΙΡ.
1183 3372 1249 3445 Ὠ
1309 3377 1594 3461 μακάριε
1646 3382 1978 3444 Μένιππε
2032 3381 2150 3467 τῆς
2204 3377 2601 3464 παραδόξου

451 3482 639 3555 θέας.
717 3478 785 3543 αἱ,
819 3478 892 3543 δέ
930 3501 1006 3563 γε
1035 3477 1271 3557 πόλεις
1316 3477 1490 3563 πρὸς
1519 3478 1690 3555 Διὸς
1718 3483 1830 3546 καὶ
1866 3480 1930 3545 οἱ
1976 3475 2208 3565 ἄνδρες
2240 3474 2429 3547 αὐτοὶ
2458 3507 2601 3569 πη-

453 3582 625 3647 λίκοι
671 3580 1096 3667 διεφαίνοντο
1145 3575 1452 3663 ὅνωθενς

621 3687 847 3748 ΜΕΝ.
947 3679 1155 3766 Οἶμαί
1214 3706 1290 3749 σε
1348 3682 1673 3760 πολλάκις
1738 3678 1861 3771 ἤδη
1921 3684 2277 3772 μυρμήκων
2347 3678 2601 3771 ἀγορὰν

453 3784 846 3869 ἑωρακέναι,
921 3783 1076 3862 τοὺς
1139 3786 1259 3868 μὲν
1329 3784 1780 3868 εἰλουμένους,
1856 3784 2071 3864 ἐνίους
2136 3786 2207 3852 δὲ
2276 3784 2598 3869 ἐξιόντας,

452 3888 716 3972 ἐτέρους
773 3887 844 3953 δὲ
903 3886 1302 3964 ἐπανιόντας
1364 3873 1569 3965 αῦθις
1628 3885 1693 3965 ἐς
1746 3886 1866 3977 τὴν
1924 3887 2152 3972 πόλιν·
2208 3891 2319 3955 καὶ
2381 3884 2417 3955 ὃ
2474 3895 2602 3973 μέν

452 4014 555 4067 τις
598 3987 716 4076 τὴν
772 3988 1024 4070 κόπρον
1070 3986 1360 4076 ἐκφέρει,
1426 3984 1459 4055 ὅ
1511 3989 1583 4055 δὲ
1632 3988 1946 4076 ἁρπάσας
1990 3990 2214 4056 ποθὲν
2256 3980 2298 4078 ἢ
2342 3989 2600 4075 κυάμου

2622 3187 2708 3237 ’Π4
