2750 4534
444 274 565 333 254

438 1696 489 1739 c.
525 1684 619 1740 15.

436 2619 488 2660 c.
521 2604 615 2661 16.

1388 275 1642 330 LUCIANI

656 447 756 514 ὅτι
804 446 872 509 Ω
916 484 997 495 -
1043 447 1398 531 θρύπτεται
1441 447 1462 532 ΙΙ
1504 457 1604 531 θρ.
1641 455 1747 514 καὶ
1777 448 1844 511 Φ
1875 486 1958 497 —-
1987 446 2202 533 τούτῳ
2241 445 2262 531 Ι
2299 468 2417 509 om.
2467 444 2624 508 ΩΦ

654 570 956 630 suprascr.
1002 549 1051 611 Γ
1098 587 1179 598 -
1225 558 1331 616 καὶ
1376 553 1610 633 ἐρῶσιν
1651 548 1670 633 ΙΙ
1713 570 1829 613 om.
1875 557 1981 615 καὶ
2025 552 2171 628 Ups.
2215 584 2301 595 —-
2345 546 2553 627 αὐτὰς
2605 546 2628 631 ΙΙ

657 651 895 731 ταύτας
926 651 1211 732 ΩΦΠΡΒ.
1258 688 1341 699 —-
1387 657 1450 717 αἱ
1495 678 1631 733 γυν.
1680 650 1699 735 fl
1740 659 1847 717 καὶ
1893 656 1956 717 αὶ
2002 678 2054 732 γ.
2097 649 2233 713 ΩΦ
2279 688 2362 699 —-
2406 650 2624 733 ἀμόρ-

654 779 822 835 φους
865 754 883 838 ΙΙ
928 754 1419 837 ἀμορφοτέρους
1471 751 1592 814 ΩΓ
1637 753 2142 836 άμορφωτὲρους
2187 756 2335 832 Ups.
2393 752 2618 833 α’μφο·

653 861 880 940 τέρους
911 853 1047 918 ΩΦ
1084 892 1165 903 -
1212 856 1682 939 (ἀμορφοτέρος
1711 858 1850 917 Ald.
1879 852 1899 940 Ι
1927 852 2266 937 ἀμόρφους
2297 858 2475 933 Mut.)
2519 891 2619 901 —-

654 957 959 1042 (πινναρὰ
1003 961 1145 1022 Ald.
1188 958 1207 1043 ss
1249 957 1490 1041 πιναρὰ
1533 961 1704 1034 Mat.)
1754 994 1835 1005 —
1882 957 2262 1041 ἀναρτήσειν
2307 955 2546 1036 ἑαυτὰς
2591 955 2614 1041 ΙΙ

652 1062 904 1127 ἀνελεῖν
962 1060 1161 1140 αὐτὰς
1205 1059 1273 1122 Ω
1318 1060 1699 1145 ἀναρτήσειν
1744 1058 1943 1138 αὐτὰς
1988 1062 2136 1140 Πρε.
2189 1060 2443 1127 ἀνελεῖν
2489 1060 2613 1125 αἱτ-

654 1162 766 1242 τὰς
802 1162 869 1225 Φ
906 1162 1125 1245 ἀναρτ.
1176 1166 1408 1242 ἑαυτὰς
1449 1164 1699 1229 ἀνελεῖν
1743 1160 1940 1242 αὐτὰς
1983 1183 2282 1241 suprascr.
2329 1158 2614 1245 ἀναρτή-

654 1285 786 1331 σειν
842 1264 1073 1343 ἑαυτὰς
1138 1264 1182 1326 Γ
1237 1266 1512 1345 (ἀνελεῖν
1571 1268 1710 1327 Ald.
1767 1261 1787 1349 Ι
1845 1263 2228 1348 ἀναρτήσειν
2285 1268 2458 1342 Mat.)
2517 1302 2612 1312 -

654 1376 928 1448 δεξίωμα
1032 1375 1293 1448 ὃεξίαμα
1322 1366 1445 1430 ΩΓ
1477 1394 1530 1434 ω
1563 1388 1718 1431 corr.
1765 1388 1844 1430 ex
1871 1393 1911 1432 α
1941 1367 2008 1430 Φ
2055 1374 2348 1447 (ὁεξίωνα
2392 1369 2541 1429 Ald.
2589 1365 2612 1449 fl

654 1477 913 1550 ὁεξίαμα
942 1474 1113 1545 Mat.)
1158 1509 1241 1519 -
1286 1469 1635 1538 κάλλιστον
1677 1470 1696 1553 ΙΙ
1738 1480 1877 1536 καλ.
1927 1474 2153 1552 κτέρας
2182 1466 2303 1531 ΩΓ
2334 1504 2418 1515 -
2442 1494 2608 1551 χρυ-

654 1571 764 1651 σὸς
807 1570 928 1656 γάρ
974 1576 1144 1639 ἐστιν
1188 1570 1207 1656 ΙΙ
1249 1594 1364 1636 om.
1411 1576 1583 1638 ἐστιν
1629 1576 1776 1651 Ups.
1821 1608 1904 1619 —-

650 1682 711 1744 οἱ
758 1682 822 1742 δὲ
866 1674 885 1757 ΙΙ
928 1681 993 1741 οἳ
1035 1676 1104 1742 ‹5’
1148 1698 1239 1756 pr.
1292 1696 1416 1739 rec.
1463 1681 1534 1742 οῗ
1571 1674 1639 1740 δ’
1682 1673 1749 1735 Φ
1808 1710 1892 1721 —-
1947 1673 2135 1752 ὑμῶν
2190 1674 2334 1741 ἀθλ.
2381 1674 2400 1757 Ι
2443 1674 2596 1740 ἀθλ.

648 1778 830 1863 ἡμῶν
860 1777 1297 1858 ΩΦΜΠΈΠΡΒ.
1330 1816 1412 1825 -
1441 1777 1558 1844 τὸν
1587 1786 1736 1857 βίον
1772 1776 1793 1860 Ι
1829 1798 1945 1841 om.
1976 1776 2094 1842 τὸν
2124 1779 2178 1837 Α
2209 1812 2288 1821 -
2318 1785 2538 1855 βιοῦσι
2584 1775 2604 1860 ΙΙ

648 1890 904 1960 βιοῦσιν
948 1880 1014 1943 Φ
1060 1918 1143 1929 —-
1188 1879 1433 1959 παντὸς
1471 1876 1492 1962 Ι
1533 1878 1820 1958 ἅπαντος
1866 1876 2056 1941 ΩΓΦ
2100 1914 2184 1925 --
2229 1877 2343 1961 ἤδη
2387 1886 2495 1943 καὶ
2529 1884 2602 1943 σὲ

654 1989 851 2048 εἰπεῖν
892 1982 910 2066 ΙΙ
956 1989 1155 2049 εἰπεῖν
1181 1981 1296 2066 ἤδη
1326 2008 1382 2049 κ.
1419 2001 1472 2049 σ.
1508 1986 1654 2061 Ups.
1689 2018 1764 2027 -
1809 1979 1983 2047 οὕτω
2011 1978 2032 2064 Ι
2061 1978 2275 2058 οὕτως
2304 1977 2595 2058 ΩΦΠΡΒ.

652 2119 733 2130 -—-
791 2082 1043 2167 προάγῃ
1171 2083 1437 2166 προάγει
1487 2080 1665 2146 ΑΩΓ
1720 2082 1972 2166 προάγῃ
2030 2102 2186 2146 corr.
2244 2103 2366 2147 rec.
2425 2098 2481 2147 εῖ
2525 2081 2595 2143 Φ

650 2186 975 2270 (προάγεις
1006 2190 1138 2254 Ald.
1188 2186 1209 2271 ΙΙ
1249 2185 1502 2270 προάγη
1532 2188 1703 2264 Mut.)
1742 2222 1815 2231 —
1866 2185 2179 2266 (ἅπαντος
2210 2187 2349 2248 Ald.
2380 2182 2400 2270 Ι
2429 2210 2592 2250 παν-

650 2288 760 2368 τὸς
805 2293 978 2366 Mut.)
1026 2325 1099 2335 —
1148 2298 1269 2356 τοῦ
1311 2289 1473 2369 Εὐφ.
1523 2287 1542 2373 ΙΙ
1585 2309 1700 2351 om.
1755 2298 1875 2354 τοῦ
1917 2285 2240 2369 ΩΦΠΡΒ.,
2286 2307 2590 2367 suprascr.

648 2390 697 2453 Γ
742 2429 827 2439 ——
885 2401 1146 2459 ποικίλα
1202 2390 1222 2476 ΙΙ
1274 2398 1382 2458 καὶ
1439 2418 1501 2459 π.
1552 2393 1700 2471 Ups.
1757 2425 1841 2437 —-
1897 2398 2005 2455 καὶ
2064 2396 2218 2455 ἰδεῖν
2272 2386 2293 2472 Ι
2349 2409 2464 2452 om.
2523 2386 2591 2451 Ω

648 2515 948 2575 suprascr.
993 2492 1045 2555 Γ
1092 2500 1245 2560 ἰδεῖν
1302 2501 1410 2559 καὶ
1463 2514 1578 2556 om.
1623 2492 1689 2555 Φ
1734 2500 1841 2559 καὶ
1901 2498 2056 2559 ἰδεῖν
2113 2500 2219 2558 καὶ
2277 2513 2394 2555 om.
2441 2496 2590 2573 UpS.

648 2601 711 2675 ἐς
740 2624 792 2664 τ.
828 2624 881 2678 γ.
916 2596 935 2679 ΙΙ
964 2603 1049 2675 εἰς
1076 2624 1129 2663 τ.
1165 2623 1217 2678 γ.
1253 2593 1322 2657 Ω
1352 2632 1435 2641 —-
1467 2602 1552 2674 εἰς
1583 2595 1726 2661 ἀνθ.
1773 2592 1794 2678 Ι
1837 2598 1898 2673 ἐς
1933 2594 2000 2657 Φ
2031 2630 2115 2642 --
2143 2594 2372 2679 ἥντινα
2445 2606 2595 2663 τίνα

648 2719 761 2761 om.
808 2696 884 2783 ἦν
928 2696 1065 2761 ΩΦ
1109 2725 1285 2778 τινα,
1343 2719 1508 2777 supr.
1553 2694 1635 2785 ἣν
1681 2696 1730 2758 Γ
1775 2696 1856 2779 ἣν
1899 2724 2076 2776 τινος
2120 2701 2265 2777 Ups.
2310 2733 2392 2744 —
2438 2698 2594 2765 οὔτ’

648 2804 788 2877 ἐμοὶ
894 2800 1043 2867 οὔτε
1074 2803 1117 2867 ε’.
1155 2797 1345 2861 ΩΓΦ
1390 2838 1473 2848 -
1517 2800 1722 2865 ἔπειτ’
1752 2798 1776 2884 ΙΙ
1809 2803 1941 2865 ἐπεὶ
1987 2806 2050 2865 δὲ
2096 2797 2286 2862 ΩΓΦ
2333 2803 2592 2866 ἔπειταῖ

647 2901 903 2986 (ἐπειδὴ)
949 2907 1096 2982 ΠΡΒ.
1142 2938 1224 2948 -—
1269 2929 1366 2981 τις
1409 2912 1608 2969 τοῦτο
1651 2956 1666 2969 .
1700 2956 1714 2971 .
1750 2955 1764 2969 .
1812 2911 1908 2982 τίς
1954 2900 2077 2969 οὖν
2107 2901 2187 2986 ἦν
2219 2902 2242 2987 ΙΙ
2274 2924 2389 2967 om.
2435 2908 2589 2984 UpS.

648 3041 729 3052 -—·
776 3010 1001 3071 εἰδέναι
1036 3004 1057 3088 ΙΙ
1090 3010 1317 3071 εἰδέναι
1364 3026 1432 3071 σε
1475 3010 1622 3085 Ups.
1671 3044 1755 3055 —
1798 3016 1998 3073 τοῦτο
2043 3060 2056 3073 .
2093 3060 2107 3073 .
2142 3060 2155 3073 .
2207 3014 2370 3073 MJK.
2408 3004 2431 3089 ΙΙ
2464 3006 2592 3089 ἐγὼ

647 3113 711 3172 δὲ
758 3107 885 3190 πρό
928 3136 997 3190 γε
1038 3106 1281 3175 τούτου
1328 3106 1382 3175 ὦ
1427 3108 1744 3187 θαυμάσιε
1789 3108 1857 3171 Ω
1913 3119 2112 3176 τοῖτο
2159 3163 2171 3175 .
2207 3162 2221 3176 .
2257 3163 2272 3176 .
2321 3118 2416 3189 τίς
2460 3108 2588 3176 οὖν

648 3208 725 3293 ἦν
772 3233 908 3293 om„
957 3211 1080 3293 ἐγὼ
1127 3217 1189 3276 δὲ
1236 3212 1365 3295 πρό
1411 3239 1479 3294 γε
1522 3210 1766 3279 τούτου
1810 3209 1864 3277 ὦ
1907 3210 2222 3293 θαυμάσιε
2267 3221 2362 3291 τίς
2405 3209 2483 3295 ἦν
2516 3212 2584 3275 Φ

646 3317 803 3377 idem
850 3318 954 3379 scd
1002 3314 1199 3399 πρόγε
1254 3326 1376 3382 τοῦ
1429 3338 1539 3396 pro
1584 3314 1782 3399 πρόγε
1839 3314 2083 3382 τούτου
2128 3320 2275 3395 Ups.
2346 3352 2414 3363 -—
2465 3321 2586 3397 (τίς

645 3414 726 3501 ἦν
764 3428 961 3485 τοτ”το
1006 3445 1116 3496 μοι
1162 3417 1482 3501 πρότερον
1529 3423 1677 3499 εἰπέ,
1726 3425 1781 3483 εἰ
1807 3425 1911 3483 καὶ
1945 3418 2068 3500 ἐγώ
2099 3445 2256 3486 ποτε
2297 3417 2584 3502 ἠλλάγην

646 3519 860 3604 ὥσπερ
908 3520 987 3586 σὺ
1030 3556 1112 3567 -
1158 3525 1386 3587 εἰδέναι
1429 3523 1569 3583 Ald.
1616 3519 1638 3605 ΙΙ
1681 3529 1777 3600 τίς
1820 3518 1900 3605 ἦν
1946 3524 2006 3587 εἴ
2041 3548 2102 3586 τι
2148 3524 2303 3604 ἔχεις
2347 3527 2546 3587 εἰπεῖν
2571 3538 2584 3551 ·

647 3627 848 3689 ἐθέλω
908 3629 1135 3689 εἰδέναι
1191 3634 1390 3690 τοῦτο
1449 3622 1571 3706 γὰρ
1616 3627 1814 3702 Mut.)
1873 3630 2001 3699 (καὶ
2044 3621 2237 3701 μάλα.
2319 3631 2418 3701 Τίς
2463 3620 2584 3689 οὗν

645 3723 723 3809 ἦν
769 3728 914 3792 εἴτι
960 3752 1013 3793 κ.
1064 3753 1115 3793 τ.
1164 3737 1217 3793 λ.
1254 3729 1395 3788 Ald.
1430 3724 1452 3810 ΙΙ
1485 3747 1600 3788 om.
1645 3736 1843 3792 τοῦτο
1888 3779 1901 3792 .
1956 3771 1969 3787 .
2015 3777 2029 3792 .
2081 3724 2198 3791 σιῖ·
2241 3732 2346 3790 καὶ
2389 3722 2578 3802 μάλα.

645 3855 741 3907 τις
786 3825 907 3895 οὖν
939 3825 1067 3911 ᾗνῬ
1098 3832 1268 3906 Mut.)
1313 3866 1398 3875 -—
1443 3825 1566 3895 οὖν
1598 3826 1620 3911 ΙΙ
1654 3849 1767 3891 om.
1814 3826 1883 3889 Ω
1927 3866 2011 3877 ——
2044 3830 2185 3893 εἴτι
2218 3830 2371 3909 ἔχεις
2413 3881 2428 3895 .
2463 3880 2477 3895 .
2515 3882 2530 3895 .
2564 3883 2576 3895 .

644 3937 843 3997 εἰπεῖν
888 3930 1021 4012 Σύ,·
1052 3930 1073 4016 ΙΙ
1106 3953 1220 3994 om.
1266 3935 1319 3993 A
1363 3968 1449 3978 —
1493 3940 1729 3998 ΑΛΕΚ.
1779 3929 1917 4012 Σύ,·
1964 3984 1977 3998 .
2015 3985 2028 3998 .
2064 3984 2077 3998 .
2113 3984 2126 3998 .
2181 3920 2407 3997 εἰδέναι
2454 3950 2522 3996 σε
2559 3930 2578 4016 Ι

645 4056 759 4098 om.
807 4038 953 4114 Ups.
1012 4073 1094 4082 —
1152 4037 1283 4100 εἶτα
1317 4032 1339 4117 ΙΙ
1373 4021 1487 4097 οιίι.
1533 4031 1669 4097 ΩΦ
1727 4053 2026 4115 suprascr.
2082 4031 2126 4093 [¹
2171 4070 2252 4081 —
2299 4032 2336 4098 ὃ
2379 4058 2523 4098 κακ.
2563 4032 2584 4118 Ι
