2750 4534
1151 249 1423 304 ΕΡΩΤΕΣ.
2320 251 2357 309 7

197 443 343 501 μεν,
395 418 556 485 εἴσω
600 422 718 486 τοῦ
763 419 886 485 νεώ
937 418 1323 506 παρῄειμεν.
1411 416 1449 506 ἦ
1496 419 1616 504 μὲν
1679 404 1793 486 οῦν
1838 420 2004 498 θεὸς
2061 420 2128 487 ἐν
2170 427 2357 508 μέσῳ

198 517 613 604 καθίδρυται
656 555 740 565 -—
784 525 1053 604 Παρίας
1095 517 1222 603 [δὲ]
1267 521 1472 586 λίθου
1506 519 1846 602 δαίδαλμα
1887 518 2244 587 κάλλιστον
2272 557 2359 568 -

201 615 636 708 ὑπερήφανον
706 624 818 688 καὶ
877 620 1188 708 σεσηρότι
1255 624 1498 708 γέλωτι
1567 619 1803 705 μικρὸν
1868 617 2358 706 ὕπομειδιῶσα.

199 725 344 787 πᾶν
403 722 474 788 δὲ
529 721 604 788 τὸ
664 722 906 800 κάλλος
978 716 1180 811 αὐτῆς
1236 717 1620 791 ἇκάλυπτον
1693 718 2009 809 οὐδεμιᾶς
2068 724 2359 813 ἐσθῆτος

199 818 629 911 άμπεχούσης
683 824 1126 911 γεγύμνωται,
1193 824 1370 913 πλὴν
1430 819 1559 894 ὅσα
1619 830 1703 915 τῇ
1761 825 1954 915 ἑτέρᾳ
2005 830 2180 913 χειρὶ
2237 827 2358 913 τὴν

197 927 374 992 αἰδῶ
407 924 792 1015 λεληθότως
837 925 1288 1013 ἐπικρύπτειν.
1362 928 1644 995 τοσοῦτό
1690 954 1765 1016 γε
1792 927 1923 1016 μὴν
1965 925 2005 1019 ἡ
2039 930 2356 1016 δημιουρ-

195 1029 315 1114 γός
361 1029 590 1110 ἰ’σχυσε
634 1033 856 1117 τέχνη,
918 1021 1088 1096 ὥστε
1144 1028 1263 1118 τὴν
1309 1023 1676 1097 ἆντίτυπον
1734 1024 1908 1098 οῧτω
1965 1036 2079 1099 καὶ
2123 1057 2357 1114 καρτε-

195 1132 322 1214 ρὰν
369 1135 489 1198 τοῦ
519 1133 722 1199 λίθου
760 1130 964 1219 φύσιν
995 1131 1300 1211 ἑκάστοις
1340 1134 1609 1217 μέλεσιν
1642 1132 2068 1217 ἐπιπρέπειν.
2130 1130 2165 1201 ὃ
2197 1137 2356 1221 γοῦν

195 1235 544 1322 Χαρικλῆς
603 1233 887 1317 ἐμμανές
941 1260 1010 1301 τι
1066 1237 1175 1300 καὶ
1225 1234 1630 1321 παράφορον
1676 1229 2089 1324 ἀναβοήσας,
2149 1230 2361 1302 Εὐτυ-

190 1340 535 1418 χέστατος,
585 1332 754 1416 εἶπε,
802 1339 982 1402 θεῶν
1028 1331 1063 1403 ὃ
1101 1335 1212 1404 διὰ
1261 1336 1506 1425 ταύτην
1553 1337 1782 1415 δεθεὶς
1800 1332 2026 1437 ’Ἀρης,
2074 1340 2186 1404 καὶ
2218 1331 2357 1418 άιια

86 1452 180 1503 412
196 1437 657 1524 προσδραμὼν
702 1441 1020 1524 λιπαροῖς
1063 1453 1207 1516 τοῖς
1244 1441 1535 1522 χείλεσιν
1581 1434 1693 1527 ἐφ
1746 1433 1905 1507 ὅσον
1950 1437 2029 1529 ῆν
2073 1439 2355 1507 δυνατὸν

196 1541 507 1607 ἐκτείνων
552 1538 668 1607 τὸν
716 1534 954 1623 αὐχένα
998 1543 1376 1628 κατεφίλει·
1427 1545 1578 1630 σιγῇ
1625 1534 1691 1607 6’
1745 1541 2043 1629 ἐφεστώς
2088 1539 2123 1609 ὅ
2171 1544 2357 1608 Καλ-

196 1643 586 1729 λικρατίδας
641 1641 809 1708 κατὰ
869 1646 1020 1710 νοῦν
1067 1636 1564 1727 ἀπεθαύμαζεν.
1657 1642 1801 1710 ἐστι
1846 1637 1910 1709 δ’
1964 1637 2357 1730 ἀμφίθυρος

193 1743 229 1813 6
268 1743 436 1822 νειὸς
481 1758 624 1822 τοῖς
660 1745 945 1811 θέλουσι
987 1746 1098 1812 καὶ
1130 1744 1296 1811 κατὰ
1345 1745 1557 1812 νώτου
1563 1743 1721 1865 τὴν
1753 1745 1921 1813 θεὸν
1969 1745 2133 1812 ἰδεῖν
2168 1742 2355 1832 ἀκρι-

189 1851 354 1933 βιῦς,
400 1847 513 1913 ἵνα
529 1847 761 1972 (μηδὲν
809 1841 1008 1936 αῦτῆς
1055 1840 1502 1930 ἀθαύμαστον
1546 1833 1611 1936 ᾗ.
1689 1842 1782 1914 δι’
1837 1840 2192 1931 εῦμαρείας
2238 1834 2353 1915 οῦν

197 1950 347 2017 ἐστι
391 1953 473 2037 τῇ
519 1948 711 2037 ἑτέρᾳ
756 1949 933 2036 πύλῃ
981 1951 1412 2032 παρελθοῦσι
1469 1948 1587 2037 τὴν
1634 1945 1931 2018 όπισθεν
1979 1945 2353 2038 εὐμορφίαν

197 2053 596 2139 διαθρῆσαι.
695 2058 790 2118 14.
851 2050 1052 2129 δόξαν
1110 2049 1225 2117 οὗν
1283 2044 1444 2140 όλην
1502 2050 1619 2137 τὴν
1678 2051 1844 2120 θεὸν
1899 2051 2097 2139 ιδεῑν,
2158 2051 2224 2130 ἐς
2267 2052 2341 2119 τὸ
2382 2071 2459 2126 14

193 2154 486 2221 κατόπιν
529 2157 648 2220 τοῦ
686 2156 887 2242 σηκοῦ
930 2154 1412 2242 περιήλθομεν.
1490 2147 1613 2221 εἶτ’
1656 2147 2031 2242 ἆνοιγείσης
2076 2159 2191 2244 τῆς
2223 2155 2353 2221 θύ-

193 2281 320 2340 ρας
393 2252 525 2322 ὖπό
604 2259 724 2322 τοῦ
788 2256 1311 2344 κλειδοφύλακος
1391 2255 2007 2341 ἐμπεπιστευμένου
2080 2263 2351 2342 γυναίου

193 2359 470 2443 θάμβος
519 2358 861 2446 αἰφνίδιον
903 2354 1080 2445 ῆμᾶς
1126 2355 1256 2441 εἶχε
1301 2363 1421 2425 τοῦ
1464 2359 1767 2437 κάλλους.
1860 2355 1893 2426 6
1944 2363 2101 2446 γοῦν
2139 2355 2351 2447 Ἀθη-

192 2475 384 2538 ναῖος
442 2456 650 2549 ἡσυχῇ
707 2459 839 2547 πρὸ
890 2464 1128 2547 μικροῦ
1184 2463 1457 2544 βλέπων
1518 2461 1668 2528 ἐπεὶ
1725 2460 1807 2526 τὰ
1853 2461 2139 2529 παιδικὰ
2183 2468 2348 2550 μέρη

190 2567 310 2651 τῆς
369 2566 539 2629 θεοῦ
604 2562 1100 2643 κατώπτευσεν,
1171 2557 1448 2652 ἀθρόως
1514 2560 1689 2629 πολὺ
1754 2566 1873 2629 τοῦ
1933 2565 2350 2649 Χαρικλέους

193 2664 682 2749 ἐμμανέστερον
737 2658 1130 2752 ἀνεβόησεν,
1182 2661 1562 2751 Ἡράκλεις,
1623 2656 1746 2752 ὅση
1790 2665 1911 2748 μὲν
1967 2668 2100 2730 τῶν
2143 2689 2349 2747 μετα-

193 2771 461 2855 φρένων
507 2761 859 2851 εὐρυθμία,
915 2769 1062 2845 πῶς
1109 2759 1171 2832 δ’
1227 2761 1648 2855 ἀμφιλαφεῖς
1694 2767 1764 2833 αἱ
1810 2765 2098 2853 λαγόνες,
2148 2760 2350 2852 αγκά-

195 2872 404 2954 λισμα
445 2872 930 2958 χειροπληθές·
979 2866 1067 2948 ὡς
1113 2864 1176 2937 δ’
1233 2863 1718 2958 εῦπερίγραφοι
1761 2873 1894 2934 τῶν
1938 2871 2230 2956 γλουτῶν
2278 2871 2349 2937 αἱ

193 2972 436 3058 σάρκες
480 2971 988 3057 ἐπικυρτοῦνται
1043 2965 1200 3056 μήτ’
1256 2998 1423 3059 αγαν
1468 2971 1765 3050 ἐλλιπεῖς
1812 2966 2037 3050 αυτοῖς
2084 2965 2348 3050 ὀστέοις

189 3075 777 3162 προσεσταλμέναι
832 3075 999 3161 μήτε
1059 3075 1154 3153 εἷς
1208 3071 1575 3161 ὑπέρογκον
1634 3074 2051 3158 ἐκκεχυμέναι
2107 3070 2349 3162 πιότη-

187 3204 295 3244 τα.
387 3181 522 3244 τιῦν
581 3177 653 3242 δὲ
703 3190 848 3255 τοῖς
908 3177 1150 3259 ἰσχίοις
1207 3175 1828 3265 ἐνεσφραγισμένων
1896 3174 1969 3253 ἐξ
2024 3174 2349 3263 ἑκατέρων

85 3280 424 3345 413τύπων
471 3272 587 3346 οὐκ
634 3269 715 3344 ἂν
762 3278 950 3346 ε’ίποι
994 3304 1096 3358 τις
1143 3274 1234 3356 ὥς
1279 3275 1441 3364 ἡδὺς
1484 3274 1519 3346 ὅ
1567 3281 1806 3365 γέλως·
1864 3281 2078 3367 μηροῦ
2121 3303 2194 3344 τε
2237 3282 2349 3345 καὶ

187 3382 440 3470 κνήμης
513 3374 627 3446 ἐπ’
712 3375 878 3448 εύθῦ
952 3386 1314 3468 τεταμένης
1399 3376 1549 3465 ἷίχρι
1620 3379 1835 3458 ποδὸς
1906 3373 2351 3467 ῆκριβωμένοι

191 3485 468 3570 ῥυθμοί.
580 3487 885 3561 τοιοῦτος
952 3479 1083 3569 ἄρα
1151 3483 1543 3571 Γανυμήδης
1614 3480 1681 3550 ἐν
1750 3476 2009 3569 οὐρανῷ
2074 3483 2195 3548 Διὶ
2269 3480 2345 3548 τὸ

191 3587 427 3670 νέκταρ
495 3577 686 3674 ἥδιον
754 3584 956 3672 ἐγχεῖ·
1032 3584 1220 3668 παρὰ
1286 3584 1408 3668 μὲν
1463 3582 1588 3672 γὰρ
1627 3576 1842 3671 ’Ἠβης
1911 3577 2025 3650 οὐκ
2084 3576 2163 3648 ἂν
2223 3581 2349 3669 ἐγώ

192 3688 709 3774 διακονουμένης
764 3687 977 3755 ποτὸν
1022 3685 1362 3775 ἐδεξάμην.
1455 3686 1904 3764 ἐνθεαστικῶς
1963 3681 2203 3751 ταῦτα’
2230 3689 2353 3751 τοῦ

189 3790 730 3875 Καλλικρατίδου
799 3793 1094 3874 βοῶντος
1168 3785 1201 3856 ὃ
1271 3789 1616 3875 Χαρικλῆς
1687 3784 1821 3854 ὑπὸ
1898 3791 2017 3854 τοῦ
2084 3787 2351 3875 σφόδρα

189 3894 508 3978 θάμβους
563 3888 792 3979 ὀλίγου
860 3893 998 3958 δεῖν
1057 3890 1382 3979 ἐπεπήγει
1435 3890 1713 3977 τακερόν
1774 3916 1842 3957 τι
1899 3892 2010 3958 καὶ
2071 3891 2222 3979 ῥέον
2281 3889 2349 3957 ἐν

189 4009 334 4072 τοῖς
379 3989 639 4078 ὄμμασι
684 3993 919 4072 πάθος
963 3986 1395 4080 ἀνυγραίνων.
1460 3993 1573 4059 ‘15.
1625 3991 1771 4059 ἐπεὶ
1819 3992 1891 4060 δὲ
1921 3995 2048 4059 τοῦ
2074 3991 2347 4076 θαυμάκ-
2383 3999 2457 4055 15
