2750 4534
449 247 532 306 48
1343 248 1719 304 ΔΟΥΚΙΑΝΟΥ

449 418 845 502 βαδιοῦμαι,
913 415 1002 503 μὴ
1059 420 1171 484 καὶ
1228 421 1336 484 σοὶ
1407 417 1579 495 δόξω
1646 411 1765 483 ὑπ’
1830 410 2126 503 άπορίας
2193 410 2353 484 αύτὸ
2415 418 2613 500 δρᾶν.

346 531 418 586 19
458 527 553 590 19.
601 519 808 588 ἐκεῖνο
856 520 929 586 δέ
974 525 1085 587 σοί
1129 545 1337 608 φημι,
1383 519 1702 598 τοιαύτας
1742 515 1901 606 ἡμῖν
1945 519 2069 598 τὰς
2114 515 2427 607 ἆφορμὰς
2472 523 2617 584 τῶν

453 621 890 690 ἐπαινετικῶν
934 622 1186 688 τούτων
1231 622 1445 708 λόγων
1490 618 1683 702 εἶναι,
1735 616 1828 701 ὥς
1867 620 1989 708 χρὴ
2034 621 2153 688 τὸν
2200 621 2617 688 ἐπαινοῦντα

452 729 562 792 καὶ
622 725 834 792 εἰκόσι
900 729 1010 792 καὶ
1073 719 1438 808 ὁμοιώσεσι
1494 727 2001 812 προσχρῆσθαι,
2058 728 2169 790 καὶ
2238 722 2472 809 σχεδὸν
2548 723 2619 789 ἐν

452 828 668 914 τούτῳ
729 827 803 894 τὸ
862 827 1176 914 μέγιστόν
1233 827 1415 894 ἐστιν
1462 852 1531 894 ευ
1578 826 2015 894 εἰκάσαι·τὸ
2066 826 2138 893 δὲ
2183 851 2254 893 ευ
2300 820 2427 892 ωδε
2474 828 2619 908 μά·-

455 923 626 996 λιστ’
695 919 775 996 ἂν
831 935 1156 1011 κρίνοιτο,
1215 923 1331 996 οὖκ
1385 924 1465 1018 ἦν
1516 954 1622 1008 τις
1675 943 1818 1007 τοῖς
1876 924 2141 1012 ὁμοίοις
2198 927 2615 1015 παραβάλλῃ

455 1025 598 1098 οὐδ’
663 1021 744 1119 ἢν
799 1036 974 1152 πρὸς
1027 1027 1102 1097 vo*
1162 1027 1646 1118 ὑποδεέστερον
1702 1033 1987 1117 ποιῆται
2026 1028 2148 1116 τὴν
2192 1028 2617 1114 παράθεσιν,
2636 1036 2704 1085 495

454 1126 601 1198 ἀλλ’
638 1123 717 1222 ἢν
747 1132 920 1217 πρὸς
949 1131 1026 1201 vo*
1072 1129 1395 1218 ὑπερέχον
1426 1128 1518 1211 ὥς
1564 1132 1707 1200 οἶόν
1736 1157 1810 1200 τε
1841 1131 2262 1219 προσβιβάζῃ
2292 1130 2367 1198 τὸ
2400 1129 2618 1198 ἐπαι-

455 1235 788 1318 νούμενον.
879 1235 1022 1302 οἷον
1081 1235 1148 1302 εἴ
1193 1261 1298 1314 τις
1338 1235 1501 1302 κύνα
1548 1233 1842 1303 ἐπαινῶν
1886 1233 2075 1303 ε’ίποι
2120 1229 2465 1310 ἀλώπεκος
2516 1231 2620 1301 εἶ-

456 1364 568 1405 ναι
623 1336 826 1421 μείζω
887 1332 1088 1406 αὑτὸν
1139 1329 1183 1427 ἢ
1204 1338 1583 1466 αἰλούρου,
1644 1323 1776 1424 άρά
1835 1360 1944 1404 σοι
1998 1337 2178 1404 δοκεῖ
2218 1335 2255 1403 ὁ
2301 1340 2620 1464 τοιοῦτος

457 1439 756 1507 ἐπαινεῖν
813 1440 1099 1524 εἰδέναι,·
1154 1435 1270 1509 οὐκ
1327 1431 1408 1506 άν
1466 1439 1711 1517 ε’ίποις.
1813 1432 1889 1505 οὗ
1946 1436 2077 1525 μὴν
2122 1431 2265 1506 οὔδ’
2320 1438 2377 1505 εἰ
2426 1437 2618 1525 λύκιι)

455 1549 626 1630 φαίη
683 1544 834 1610 ἰ’σον
893 1537 1094 1610 αὑτὸν
1150 1539 1505 1628 ὑπάρχειν,
1565 1537 1717 1608 οὐδὲ
1762 1539 1974 1618 οὕτως
2014 1543 2389 1628 μεγαλωστὶ
2432 1539 2621 1628 ἐπῄ-

453 1668 659 1713 νεσεν.
737 1640 907 1712 ἀλλὰ
947 1651 1082 1714 ποῦ
1111 1644 1187 1713 τὸ
1234 1646 1413 1713 ἰ’διον
1455 1648 1575 1714 τοῦ
1619 1643 1899 1712 ἐπαίνου
1945 1638 2408 1726 ἀποτελεῖται,
2450 1633 2615 1728 ἢνὸ

455 1749 626 1816 κύων
668 1753 766 1836 τῷ
812 1750 1032 1816 λέοντι
1078 1747 1361 1829 ἐοικέναι
1420 1749 1689 1838 λέγηται
1738 1749 1850 1815 καὶ
1894 1751 2184 1832 μέγεθος
2224 1749 2337 1813 καὶ
2382 1739 2619 1833 ἀλκήν.

457 1846 548 1927 ὥς
606 1846 641 1917 ὁ
686 1847 805 1918 τὸν
841 1843 1156 1934 Ὠρίωνος
1197 1849 1359 1917 κύνα
1404 1850 1700 1918 ἐπαινῶν
1746 1849 1873 1938 ἐφη
1927 1847 2210 1938 ποιητὴς
2257 1849 2619 1916 λεοντοδά-

457 1979 590 2037 μαν
649 1945 880 2020 αὑτόν·
951 1946 1145 2030 οὗτος
1208 1952 1333 2039 γὰρ
1392 1951 1471 2042 δὴ
1530 1951 1722 2030 κυνὸς
1775 1949 2039 2037 ἐντελης
2097 1952 2391 2029 ε’παινος.
2500 1957 2617 2019 καὶ

459 2054 668 2122 πάλιν
713 2055 778 2121 εἰ’
817 2079 921 2133 τις
951 2057 1244 2121 Μίλωνα
1286 2054 1406 2123 τὸν
1451 2053 1519 2122 ἐκ
1568 2054 1917 2139 Κρότωνος
1958 2044 2002 2141 ἢ
2040 2055 2335 2120 Γλαῦκον
2376 2050 2499 2118 τὸν
2550 2053 2622 2119 ἐκ

458 2156 811 2242 Καρύστου
845 2147 889 2246 ἢ
932 2157 1429 2242 Πολυδάμαντα
1475 2156 1831 2228 ἐπαινέσαι
1872 2158 2103 2222 θέλων
2148 2155 2383 2223 ἔπειτα
2426 2155 2620 2242 λέγοι

461 2257 880 2346 ἰσχυρότερον
939 2259 1213 2326 ἕκαστον
1279 2259 1495 2326 αὐτῶν
1559 2258 1867 2345 γυναικὸς
1930 2262 2282 2345 γενέσθαι,
2350 2250 2467 2324 οὑκ
2536 2249 2620 2324 ἂν

461 2361 594 2428 οἴει
645 2363 1062 2451 γελασθῆναι
1105 2356 1307 2430 αὐτὸν
1353 2360 1469 2428 ἐπὶ
1520 2364 1603 2448 τῇ
1650 2354 1849 2449 ἆνοίᾳ
1891 2363 2011 2428 τοῦ
2054 2359 2371 2443 ἐπαίνους
2424 2351 2615 2428 ὅπου

458 2487 532 2549 γε
584 2466 696 2529 καὶ
752 2462 814 2530 εἰ
869 2461 1015 2542 ἑνὸς
1076 2457 1318 2549 ἀνδρὸς
1375 2461 1592 2548 ἔλεγεν
1651 2460 1899 2545 άμείνω
1953 2457 2126 2528 εἶναι
2172 2455 2401 2541 αὐτόν,
2448 2455 2617 2529 οὐδὲ

459 2567 657 2632 τοῦτο
691 2558 1060 2653 ἀπέχρησεν
1097 2554 1178 2630 ὃν
1209 2563 1306 2642 εἰς
1336 2563 1635 2631 ἐ’παινον.
1710 2557 1881 2628 ἆλλὰ
1912 2567 2063 2642 πῶς
2092 2561 2373 2650 ἐπῄνεσε
2400 2587 2615 2652 ποιη-

459 2665 579 2755 τὴς
636 2661 981 2751 εὐδόκιμος
1022 2666 1142 2735 τὸν
1185 2669 1514 2747 Γλαῦκον,
1574 2659 1730 2732 οὐδὲ
1773 2665 2228 2744 Πολυδεύκεος
2276 2671 2431 2749 βίαν
2478 2667 2619 2753 φή-

462 2794 586 2847 σας
631 2762 1123 2836 ἆνατείνασθαι
1165 2758 1244 2836 ἂν
1303 2763 1485 2854 αὐτῷ
1530 2768 1832 2846 ἐναντίας
1873 2765 1996 2846 τὰς
2035 2781 2261 2852 χεῖρας
2305 2762 2455 2834 οὐδὲ
2508 2792 2619 2835 σι-

464 2866 702 2956 δάρεον
755 2864 1125 2958 Ἀλκμήνας
1178 2878 1367 2949 τέκος
1382 2900 1403 2950 ,·
1468 2867 1632 2960 ὁρᾷς
1685 2867 1954 2949 ὁποίοις
2012 2867 2210 2938 αὑτὸν
2269 2876 2460 2949 θεοῖς
2525 2872 2619 2938 ε’ί-

463 2996 654 3053 κασε,
723 2974 977 3056 μᾶλλον
1045 2973 1118 3040 δὲ
1183 2976 1290 3039 καὶ
1361 2966 1578 3040 αὐτῶν
1644 2971 1908 3040 ἐκείνων
1974 2965 2224 3058 ἆμείνω
2283 2965 2708 3061 ἆπέφηνε.499

461 3077 571 3141 καὶ
618 3070 770 3142 οὔτε
830 3069 1031 3152 αὐτὸς
1087 3071 1122 3143 ὁ
1171 3078 1469 3153 Γλαῦκος
1522 3069 1931 3164 ἠγανάκτησε
1980 3089 2125 3153 τοῖς
2168 3075 2444 3164 ἐφόροις
2486 3079 2619 3142 τῶν

463 3171 780 3265 ἀθλητῶν
845 3181 1039 3256 θεοῖς
1106 3170 1711 3260 ἀντεπαινούμενος
1778 3172 1931 3244 οὔτε
1986 3175 2221 3244 ἐκεῖνοι
2275 3170 2615 3263 ἠμύναντο

461 3271 503 3371 ἢ
559 3279 676 3346 τὸν
735 3281 1033 3346 Γλαῦκον
1088 3268 1130 3365 ἢ
1185 3276 1303 3347 τὸν
1361 3276 1649 3367 ποιητὴν
1705 3274 1797 3356 ὥς
1854 3272 2224 3362 ἀσεβοῦντα
2278 3280 2439 3364 περὶ
2495 3277 2615 3345 τὸν

463 3383 742 3450 ἔπαινον
756 3434 773 3463 ,
835 3377 1004 3448 ἀλλὰ
1067 3375 1453 3466 εὐδοκίμουν
1511 3375 1715 3469 ἄμφω
1770 3381 1878 3446 καὶ
1934 3378 2254 3464 ἐτιμῶντο
2298 3376 2433 3448 ὑπὸ
2478 3383 2617 3446 τῶν

459 3483 807 3570 Ἑλλήνων,
869 3478 904 3550 ὁ
951 3483 1070 3567 μὲν
1117 3482 1232 3550 ἐπὶ
1282 3485 1366 3571 τῇ
1423 3477 1587 3569 άλκιῆ
1643 3477 1679 3550 ὁ
1728 3485 2052 3563 Γλαῦκος,
2114 3477 2148 3546 ὁ
2210 3482 2282 3548 δέ
2326 3483 2617 3569 ποιητής

465 3585 585 3653 ἐπί
611 3610 686 3652 τε
713 3599 857 3663 τοῖς
888 3580 1118 3662 ἄλλοις
1143 3587 1254 3652 καὶ
1289 3577 1404 3651 ἐπ’
1446 3578 1625 3671 αὐτῷ
1646 3582 1861 3670 τούτῳ
1889 3582 2185 3667 μάλιστα
2214 3584 2310 3668 τῷ
2342 3577 2615 3671 ᾄσματι

464 3686 552 3776 μὴ
602 3687 680 3774 δὴ
725 3686 1117 3774 θαυμάσης,
1165 3685 1226 3753 εἰ
1268 3689 1382 3754 καὶ
1429 3680 1627 3764 αὐτὸς
1670 3684 1935 3753 εἰκάσαι
1975 3683 2397 3768 βουλόμενος,
2444 3677 2617 3764 όπερ

465 3791 546 3878 ἠν
599 3794 696 3877 τιιῦ
753 3789 1140 3858 ἐπαινοῦντι
1195 3783 1583 3875 ἀναγκαῖον,
1644 3785 2037 3876 ὑψηλοτέρῳ
2096 3785 2469 3874 ἐχρησάμην
2518 3789 2617 3870 τειῖ

362 3903 440 3958 20
470 3893 990 3978 παραδείγματι,
1050 3892 1246 3957 τοῦτο
1302 3885 1765 3973 ὑποβαλόντος
1818 3891 1939 3956 τοῦ
1998 3887 2214 3974 λόγου.
2389 3886 2616 3954 ,ἐπει

469 3995 541 4061 δὲ
582 3996 695 4061 καὶ
736 3990 1082 4070 κολακείας
1127 3990 1578 4081 ἐπεμνήσθης,
1622 3983 1727 4057 ὅτι
1770 3989 1892 4074 μὲν
1926 3992 2037 4056 καὶ
2084 3989 2164 4058 σύ
2196 4003 2415 4074 μισεῖς
2458 3989 2615 4065 τούς
