2750 4534
395 260 475 319 98
956 321 958 323 ,
1299 262 1585 316 Aornum
1588 263 1673 317 01·

393 429 477 496 τὰ
512 433 809 516 τοιαῦτα,
859 428 984 515 ἐγὼ
1029 430 1100 497 δὲ
1131 422 1370 514 ἥκιστα
1401 431 1752 520 ποιητικός
1784 431 1957 516 εἰμι·
1990 431 2163 500 ὥστε
2194 435 2560 523 διαφθερῶ

395 531 468 599 τὸ
531 532 828 618 κήρυγμα
883 521 927 620 ἢ
985 527 1367 618 ὗπέρμετρα
1424 524 1467 620 ἢ
1528 533 1719 600 ἐνδεᾶ
1777 534 2119 619 ξυνείρων,
2182 539 2293 602 καὶ
2350 539 2563 622 γέλως

396 635 586 701 ἔσται
630 633 801 719 παρ’
853 627 1081 712 αῦτοῑς
1139 633 1255 701 ἐπὶ
1298 638 1381 722 τῇ
1428 630 1723 724 ἀμουσίᾳ
1765 640 1897 703 τῶν
1944 636 2158 703 ἐπῶν·
2218 634 2356 723 ὁρῶ
2398 644 2562 725 γοῦν

393 738 505 802 καὶ
528 733 646 801 τὸν
660 728 1065 802 Ἀπόλλωνα
1094 734 1465 821 γελώμενον
1498 733 1613 803 ἐπ’
1656 736 1859 816 ἐνίοις
1883 740 2013 804 τῶν
2039 743 2375 825 χρησμῶν,
2405 747 2562 808 καί-

394 862 501 904 τοι
555 835 1090 923 ἐπικρυπτούσης
1133 835 1217 903 τὰ
1268 835 1491 903 πολλὰ
1536 841 1652 926 τῆς
1694 842 2045 927 μαντικῆς,
2103 835 2197 917 ῶς
2236 839 2325 929 μὴ
2374 842 2561 908 πάνυ

397 936 638 1026 σχολὴν
686 934 868 1024 ἄγειν
911 936 1068 1015 τοὺς
1115 931 1479 1017 ἀκούοντας
1524 938 1848 1020 ἐξετάζειν
1893 940 1976 1007 τὰ
2020 946 2247 1026 μέτρα.

566 1045 816 1106 ΖΕΥΣ.
896 1034 1176 1122 Οὐκοῦν,
1240 1027 1291 1107 ῶ
1331 1038 1560 1131 Ἑρμῆ,
1618 1046 1752 1110 τῶν
1793 1038 2076 1133 Ὁμήρου
2136 1043 2318 1110 ἐπῶν
2365 1044 2559 1130 ἐγκα-
2578 1063 2676 1113 649

395 1148 712 1228 ταμίγνυε
753 1140 837 1209 τὰ
884 1142 1104 1208 πολλὰ
1150 1146 1246 1229 τῷ
1288 1143 1674 1231 κηρύγματι,
1722 1141 1813 1223 ῶς
1859 1145 2105 1224 ἐκεῖνος
2145 1142 2325 1233 ἡμᾶς
2370 1147 2560 1225 ξυνε-

395 1244 612 1312 κάλει·
659 1247 1049 1332 μεμνῆσθαι
1094 1245 1166 1311 δέ
1211 1268 1286 1312 σε
1331 1245 1524 1323 εἰκός.

569 1351 779 1413 ΕΡΜ.
877 1340 972 1413 Ού
1041 1341 1218 1413 πάνυ
1283 1347 1405 1431 μὲν
1464 1341 1638 1415 οῦτω
1698 1353 1936 1438 σαφῶς
1990 1352 2104 1417 καὶ
2160 1356 2559 1437 προχείρως,

398 1448 816 1535 πειράσομαι
861 1441 1004 1515 δὲτ
979 1442 1180 1532 όμως.

567 1550 766 1639 Μήτε
809 1575 913 1629 τις
960 1548 1074 1618 οὖν
1119 1550 1368 1638 θήλεια
1411 1549 1641 1629 θεὸς.
1687 1552 1921 1639 ,μήτε
1966 1577 2070 1630 τις
2114 1550 2340 1641 ὄῖρσην,

567 1647 728 1738 μηδ’
784 1646 1002 1719 αὐτῶν
1048 1656 1373 1737 ποταμῶν
1418 1658 1671 1736 μενέτω
1687 1604 1919 1743 ,νόσφ’
1963 1648 2299 1723 Ὠκεανοῖο

567 1756 739 1843 μηδέ
776 1780 850 1821 τε
896 1754 1238 1877 νυμφάων,
1286 1749 1435 1821 ἄλλ’
1488 1755 1557 1833 ἐς
1600 1755 1771 1834 Διὸς
1815 1757 2051 1824 έλθετε
2095 1758 2345 1837 πάντες

569 1856 665 1935 εἷς
711 1850 1013 1955 ἀγορήν,
1024 1850 1218 1924 όσσοι
1261 1882 1335 1923 τε
1377 1856 1619 1936 κλυτὰς
1665 1852 1983 1925 δαίνυσθ’
2035 1858 2427 1945 ἑκατόμβας,

569 1958 768 2025 όσσοι
811 1954 874 2023 τ’
931 1956 1012 2024 αὖ
1057 1964 1340 2043 μέσατοι
1384 1949 1423 2048 ἢ
1467 1953 1748 2027 ύστατοι
1790 1951 1833 2050 ἢ
1875 1961 2060 2045 μάλα
2104 1962 2322 2047 πάγχυ

569 2061 895 2143 νώνυμνοι
937 2067 1232 2145 βωμοῖσι
1275 2056 1444 2147 παρ’
1498 2056 1831 2129 ἀκνίσοισι
1873 2062 2211 2152 κάθησθε.

571 2170 628 2229 7.
674 2168 923 2229 ΖΕΥΣ.
1002 2150 1093 2231 Εῦ
1152 2189 1258 2250 γε,
1319 2162 1370 2230 ῶ
1411 2162 1635 2252 Ἑρμῆ,
1697 2189 1940 2251 αριστα
1988 2162 2375 2255 κεκηρυκταί
2421 2183 2670 2250 σοι,650

398 2270 507 2333 καὶ
557 2266 913 2345 ξυνθέουσι
955 2266 1081 2353 γὰρ
1124 2264 1282 2393 ἤδη·
1345 2260 1518 2335 ὥστε
1562 2268 2108 2391 παραλαμβάνων
2150 2269 2388 2349 κάθιζε
2432 2264 2557 2336 αῦ-

397 2366 552 2447 τοῦς
594 2366 762 2434 κατὰ
807 2368 926 2455 τὴν
989 2363 1250 2447 ἀξίαν(
1228 2369 1533 2451 ἕκαστον,
1597 2366 1690 2448 ῶς
1736 2397 1815 2436 αν
1858 2362 2088 2459 ύλης’
2059 2398 2099 2461 η
2144 2377 2371 2460 τέχνης
2418 2372 2554 2459 ἔχῃ,

400 2469 468 2537 ἐν
498 2470 826 2559 προεδρίᾳ
869 2471 990 2555 μὲν
1024 2468 1180 2550 τοὺς
1218 2475 1519 2558 χρυσοῦς,
1568 2468 1713 2539 εἶτα
1758 2472 1873 2540 ἐπὶ
1920 2473 2182 2552 τούτοις
2224 2474 2381 2551 τούς
2428 2468 2552 2556 ἆρ-

397 2578 665 2661 γυροῦς,
715 2570 861 2641 εἶτα
905 2573 1054 2663 ἑξῆς
1099 2570 1347 2641 ὁπόσοι
1396 2573 1837 2662 ἐλεφάντινοι,
1886 2572 2030 2642 εἶτα
2074 2575 2230 2653 τούς
2267 2578 2555 2658 χαλκοῦς

397 2667 437 2761 ἢ
484 2678 807 2757 λιθίνους,
855 2678 966 2742 καὶ
1011 2675 1080 2743 ἐν
1127 2670 1355 2754 αὐτοῖς
1398 2676 1662 2755 τούτοις
1709 2677 1773 2743 οἱ
1824 2668 2187 2744 Φειδίου
2145 2704 2185 2765 η
2226 2674 2556 2761 Ἀλκαμέ-

399 2804 550 2856 νους
603 2805 640 2864 η
689 2777 1026 2864 Μύρωνος
1081 2804 1120 2865 η
1170 2771 1604 2867 Εῦφράνορος
1659 2805 1699 2868 η
1746 2782 1879 2846 τῶν
1907 2775 2187 2886 κομοίων
2238 2785 2556 2863 τεχνιτῶν

398 2880 997 3001 προτετιμήσθων,
1070 2880 1136 2945 οἱ
1204 2880 1651 2968 συρφετώδεις
1720 2881 1791 2947 δὲ
1858 2876 2044 2949 οὗτοι
2108 2886 2219 2950 καὶ
2287 2878 2554 2966 ἄτεχνοι

398 2980 632 3067 πόρρω
700 3005 834 3047 που
905 2981 1356 3059 ξυνωσθέντες
1422 2986 1651 3069 σιωπῇ
1718 2977 2277 3071 ἀναπληρούντων
2342 3010 2553 3068 μενον

397 3085 514 3173 τὴν
561 3083 926 3171 ἐκκλησίαν.

572 3189 780 3251 ΕΡΜ.
853 3179 1094 3252 Ἔσται
1137 3189 1346 3252 ταῦτα
1398 3188 1510 3253 καὶ
1553 3188 2003 3254 καθεδοῦνται
2048 3184 2139 3265 ῶς
2184 3210 2549 3274 προσηκον.

401 3281 550 3355 ἀλλ’
603 3286 808 3355 ἐκεῖνο
856 3280 930 3353 οῦ
971 3301 1192 3372 χεῖρον
1239 3287 1513 3369 εἰδέναι,
1573 3284 1655 3377 ἥν
1698 3314 1802 3367 τις
1848 3283 2063 3356 αὐτῶν
2102 3294 2385 3375 χρυσοῦς
2424 3292 2551 3373 μὲν

397 3386 437 3479 ἦ
486 3393 597 3457 καὶ
643 3388 1147 3467 πολυτάλαντος
1191 3389 1310 3477 τὴν
1367 3386 1598 3475 ὁλκήν,
1660 3384 1774 3457 οῦκ
1816 3385 2090 3479 ἀκριβὴς
2148 3392 2222 3457 δε
2264 3392 2382 3478 τὴν
2438 3390 2550 3510 ἐρ-

398 3498 658 3578 γασίαν,
698 3487 878 3557 ἀλλὰ
921 3492 1165 3579 κομιδῇ
1212 3491 1549 3570 ἰδιωτικὸς
1592 3496 1703 3560 καὶ
1752 3487 2185 3579 ἀσύμμετρος,
2233 3491 2365 3579 πρὸ
2412 3498 2579 3588 τῶν.

395 3598 652 3678 χαλκῶν
703 3598 835 3661 τῶν
880 3594 1216 3682 Μύρωνος
1272 3598 1385 3662 καὶ
1429 3596 1882 3662 Πολυκλείτου
1933 3599 2041 3663 καὶ
2087 3600 2217 3661 τῶν
2268 3596 2550 3663 Φειδίου

399 3698 510 3763 καὶ
549 3690 994 3779 Ἀλκαμένους
1051 3700 1184 3762 τῶν
1242 3698 1528 3764 λιθίνων
1572 3698 1967 3766 καθεδεῖται
2009 3688 2052 3785 ἢ
2096 3703 2547 3787 προτιμητέον
2568 3713 2663 3765 651

399 3796 517 3887 τὴν
560 3801 820 3883 τέχνην;

569 3903 819 3964 ΖΕΥΣ.
869 3892 1093 3987 Ἐχρῆν
1137 3899 1258 3985 μὲν
1304 3892 1533 3980 οὕτως,
1582 3893 1731 3965 ἀλλ’
1782 3897 1817 3968 o‘
1859 3898 2101 3987 χρυσὸς
2146 3894 2331 3984 ὅμως
2372 3926 2551 3991 προ-

400 4026 730 4089 τιμητεος.
