2750 4534
422 290 543 347 150
1317 289 1686 343 ΛΟΥΚΙΑΝΟΥ

419 458 623 543 μόνος
669 452 894 526 ἀντίον
927 460 1194 541 δέδορκε
1236 464 1334 547 τῶ
1380 455 1565 546 ἡλίῳ,
1612 461 1724 525 καὶ
1769 457 1964 524 τοῦτό
2013 456 2194 525 ἐστιν
2224 454 2260 523 ό
2302 457 2570 544 γνήσιος

421 563 533 627 καὶ
595 562 908 647 βασιλεὺς
975 556 1200 642 ἀετός,
1267 553 1346 648 ἢν
1415 555 1912 645 ἀσκαρδαμυκτὶ
1979 557 2151 647 πρὸς
2206 558 2328 638 τὰς
2387 562 2567 627 α’κτῑ-

425 688 543 742 νας
569 666 809 751 βλέπῃ.
887 669 1070 730 Φασὶ
1114 668 1342 743 ταῦτα,
1389 650 1469 749 ἦν
1500 656 1561 728 δ’
1601 661 1747 747 ἐγώ,
1791 667 1906 728 καί
1947 688 2064 745 μοι
2107 657 2231 747 ἤδη
2282 667 2569 745 μεταμέ-

331 792 338 825 .·
427 768 556 847 λει,
613 759 720 833 ὅτι
765 767 957 851 δεῦρο
1007 759 1212 833 ἀνιῶν
1273 758 1418 847 ούχὶ
1476 763 1569 830 τῶ
1617 759 1977 852 ὠφθαλμῶ
2023 767 2144 830 τοῦ
2190 758 2387 829 ἀετοῦ
2435 763 2567 829 ἓνε-

423 872 642 955 θέμην
696 867 852 947 τοὺς
913 867 1110 952 ἐμοὺς
1155 866 1426 947 ἐξελών·
1486 863 1577 946 ῶς
1621 871 1735 933 νῦν
1791 891 1863 953 γε
1909 862 2220 955 ἡμιτελὴς
2281 860 2569 954 ἀφῖγμαι

424 972 534 1036 καὶ
581 963 656 1036 οὗ
705 970 928 1036 πάντα
969 972 1333 1056 βασιλικῶς
1377 968 1943 1052 ἐνεσκευασμένος,
1999 960 2150 1034 ἀλλ’
2203 968 2389 1035 ἔοικα
2433 983 2571 1065 τοῖς

428 1071 666 1149 νόθοις
709 1070 984 1150 ἐκείνοις
1025 1075 1136 1138 καὶ
1183 1068 1685 1161 ἀποκηρύκτοις.
1768 1074 1904 1138 Καὶ
1948 1069 2078 1159 μὴν
2123 1071 2311 1155 πάρα
2360 1078 2490 1150 σοι’,
2533 1066 2569 1157 ἧ

430 1168 493 1240 δ’
547 1167 650 1254 ὅς,
713 1168 948 1241 αὐτίκα
991 1176 1175 1259 μάλα
1237 1175 1350 1242 τὸν
1399 1174 1622 1261 ἕτερον
1668 1171 2036 1261 ὀφθαλμὸν
2097 1174 2266 1257 ἔχειν
2308 1176 2572 1258 βασιλι-

427 1275 574 1343 κόν·
621 1267 699 1364 ἢν
727 1276 851 1364 γὰρ
885 1276 1212 1365 ἐθελήσῃς
1257 1271 1553 1356 ἀναστὰς
1596 1274 1833 1363 μικρὸν
1880 1276 2172 1358 ἐπισχών
2213 1279 2336 1343 τοῦ
2364 1276 2573 1362 γυπὸς

428 1377 547 1466 τὴν
591 1385 885 1467 πτέρυγα
934 1386 1197 1469 θατέρᾳ
1239 1380 1410 1467 μόνῃ
1459 1379 1963 1465 πτερύξασθαι,
2008 1377 2174 1445 κατὰ
2223 1378 2420 1464 λόγον
2464 1383 2576 1467 τῆς

429 1486 751 1568 πτέρυγος
808 1482 924 1549 τὸν
971 1483 1187 1560 δεξιὸν
1243 1476 1612 1571 ὀφθαλμὸν
1670 1478 2021 1570 ὀξυδερκὴς
2065 1481 2216 1568 ἔσῃ·
2277 1479 2397 1547 τὸν
2454 1481 2576 1568 γὰρ
2593 1490 2662 1541 'lffi

431 1582 651 1669 ἕτερον
719 1578 996 1668 ούδεμία
1059 1583 1312 1671 μηχανὴ
1380 1586 1469 1671 μὴ
1541 1578 1657 1650 οὐκ
1716 1581 2127 1669 ἀμβλύτερον
2195 1583 2579 1669 δεδορκέναι
2734 1597 2736 1639 ¹

427 1688 546 1773 τῆς
588 1687 859 1769 μερίδος
903 1682 1067 1753 ὄντα
1110 1690 1228 1773 τῆς
1268 1692 1586 1772 χείρονος.
1650 1679 1868 1766 Ἅλις,
1914 1672 1994 1771 ἦν
2040 1678 2107 1750 δ’
2160 1683 2315 1770 ἐγώ,
2365 1686 2425 1751 εἰ
2472 1690 2581 1754 καὶ

429 1783 464 1853 ὁ
500 1787 716 1867 δεξιὸς
759 1792 963 1873 μόνος
994 1784 1281 1866 ἀετῶδες
1323 1791 1601 1873 βλέποι·
1650 1782 1840 1855 οὐδὲν
1882 1788 2007 1873 γὰρ
2040 1778 2120 1852 ὃν
2152 1788 2432 1855 ἔλαττον
2478 1794 2583 1874 γέ-

432 1914 648 1970 νοιτο,
712 1889 861 1957 ἐπεὶ
916 1895 1027 1959 καὶ
1084 1890 1236 1969 τοὺς
1295 1896 1607 1970 τέκτονας
1662 1884 1987 1968 πολλάκις
2044 1889 2409 1976 ἑωρακέναι
2468 1918 2585 1974 μοι

434 1989 607 2056 δοκῶ
651 1996 922 2078 θατέρῳ
966 1996 1100 2059 τῶν
1132 1986 1514 2081 ὀφθαλμῶν
1560 1987 1833 2076 ἄμεινον
1877 1990 2053 2078 πρὸς
2094 1990 2252 2069 τούς
2296 1988 2587 2072 κανόνας

431 2085 938 2173 ἀπευθύνοντας
982 2096 1065 2161 τὰ
1111 2095 1290 2173 ξύλα.

612 2199 836 2263 Ταῦτα
875 2197 1086 2264 εἷπῶν
1133 2197 1412 2265 ἐποίουν
1458 2190 1597 2281 άμα
1627 2195 1709 2262 τὰ
1742 2193 1877 2263 ὑπὸ
1923 2200 2041 2262 τοῦ
2064 2190 2589 2280 Ἐμπεδοκλέους

434 2300 968 2385 παρηγγελμένα·
1039 2297 1073 2366 o‘
1147 2302 1219 2367 δὲ
1285 2294 1435 2366 κατ’
1510 2295 1733 2386 ὀλίγον
1801 2295 2123 2365 ὗπαπιῶν
2192 2297 2259 2376 ές
2324 2300 2588 2367 καπνὸν

330 2401 405 2457 15
435 2392 650 2485 ἠρέμα
703 2401 1018 2469 διελύετο.
1113 2410 1210 2468 15.
1257 2396 1541 2487 κάπειδὴ
1591 2402 1871 2483 τάχιστα
1917 2400 2405 2488 ἐπτερυξάμην,
2474 2398 2587 2468 αἰ·-

433 2508 584 2567 τίκα
641 2529 724 2586 με
770 2507 916 2588 φῶς
960 2504 1286 2587 πάμπολυ
1333 2505 1759 2589 περιέλαμψε
1814 2505 1924 2569 καὶ
1980 2503 2066 2568 τὰ
2108 2507 2277 2580 τέως
2323 2505 2588 2571 λανθά-

436 2630 633 2671 νοντα
702 2606 927 2673 πάντα
995 2608 1409 2695 διεφαίνετο·
1476 2605 1867 2689 κατακύψας
1928 2608 2085 2691 γοῦν
2147 2604 2215 2684 ές
2279 2604 2402 2694 τὴν
2470 2611 2588 2694 γῆν

436 2705 661 2793 ἑώρων
721 2712 958 2796 σαφῶς
1014 2707 1136 2787 τὰς
1193 2709 1456 2787 πόλεις,
1513 2706 1670 2785 τοὺς
1730 2701 2165 2793 ἀνθρώπους,
2221 2705 2305 2772 τὰ
2364 2709 2588 2794 γιγνό-

435 2834 620 2892 μενα,
667 2813 776 2875 καὶ
825 2804 900 2877 ού
945 2809 1027 2876 τὰ
1077 2811 1145 2877 έν
1188 2807 1516 2898 ὑπαίθρῳ
1560 2805 1786 2894 μόνον,
1836 2803 2005 2876 ἀλλὰ
2049 2812 2157 2875 καὶ
2206 2804 2437 2875 ὁπόσα
2488 2812 2589 2878 οἲ-

435 2936 539 2976 κοι
600 2910 930 2995 ἔπραττον
989 2912 1285 2996 οἰόμενοι
1343 2912 1736 2993 λανθάνειν,
1796 2914 2221 2995 Πτολεμαῖον
2263 2912 2386 2995 μὲν
2433 2936 2590 2980 συν-

437 3005 598 3077 όντα
639 3016 722 3099 τῇ
769 3006 1058 3102 ἀδελφῇ,
1117 3014 1499 3100 Λυσιμάχῳ
1562 3015 1633 3081 δὲ
1676 3013 1793 3080 τὸν
1850 3011 1996 3080 υἱὸν
2042 3012 2587 3097 ἐπιβουλεύοντα,

434 3113 552 3181 τὸν
619 3115 936 3182 Σελεύκου
1007 3118 1079 3183 δὲ
1130 3110 1469 3199 Ἀντίοχον
1536 3122 1937 3204 Στρατονίκῃ
2008 3114 2397 3181 διανεύοντα
2470 3117 2589 3183 λά-

436 3222 579 3303 θρα
624 3221 707 3305 τῇ
749 3222 1068 3307 μητρυιᾷ,
1132 3217 1247 3285 τὸν
1295 3220 1364 3285 δὲ
1415 3217 1752 3285 Θετταλὸν
1790 3212 2229 3301 Ἁλέξανδρον
2282 3213 2418 3283 ὑπὸ
2468 3223 2588 3306 τῆς
2607 3226 2681 3275 770

438 3320 744 3407 γυναικὸς
817 3315 1294 3409 ἀναιρούμενον
1367 3325 1479 3388 καὶ
1544 3315 1927 3407 Ἀντίγονον
1999 3318 2397 3403 μοιχεύοντα
2470 3326 2591 3387 τοῦ

437 3424 584 3490 υἱοῦ
628 3421 747 3512 τὴν
791 3436 1066 3510 γυναῖκα
1109 3426 1218 3490 καὶ
1259 3422 1560 3509 Ἀττάλῳ
1606 3421 1721 3490 τὸν
1752 3420 1897 3489 υἱὸν
1938 3421 2240 3508 ἐγχέοντα
2285 3419 2360 3488 τὸ
2412 3422 2591 3509 φάρ-

438 3551 666 3609 μακον,
715 3525 1003 3611 ἑτέρωθι
1043 3520 1100 3591 δ’
1141 3512 1221 3593 αύ
1261 3520 1594 3614 Ἀρσάκην
1642 3520 2010 3613 φονεύοντα
2054 3522 2130 3590 τὸ
2162 3522 2433 3608 γύναιον
2480 3529 2588 3591 καὶ

438 3624 556 3693 τὸν
603 3621 906 3709 εὐνοῦχον
944 3620 1274 3716 Ἀρβάκην
1334 3627 1605 3694 ἕλκοντα
1649 3626 1723 3693 τὸ
1774 3626 1969 3714 ξίφος
2027 3625 2141 3691 ἐπὶ
2187 3622 2302 3691 τὸν
2339 3617 2591 3711 Ἀρσά-

439 3756 588 3818 κην,
649 3736 985 3807 Σπατῖνος
1030 3730 1102 3797 δὲ
1146 3726 1180 3797 o‘
1239 3731 1472 3819 Μῆδος
1530 3728 1599 3795 ἐκ
1640 3732 1759 3796 τοῦ
1806 3733 2185 3811 συμποσίου
2240 3724 2415 3812 πρὸς
2460 3732 2593 3793 τῶν

443 3831 992 3920 δορυφορούντων
1039 3832 1289 3899 εἵλκετο
1337 3832 1463 3911 ἔξω
1508 3835 1625 3897 τοῦ
1670 3828 1885 3908 ποδὸς
1931 3829 2162 3917 σκύφῳ
2202 3831 2428 3915 χρυσῶ
2474 3829 2593 3916 τὴν

441 3930 653 4023 ὀφρὺν
699 3936 1204 4023 κατηλοημένος.
1278 3928 1483 4018 ὅμοια
1530 3934 1599 3999 δὲ
1644 3933 1905 4011 τούτοις
1960 3930 2031 4001 ἓν
2076 3935 2159 4019 τῇ
2204 3930 2435 4017 Λιβύῃ
2482 3936 2594 4000 καὶ

442 4036 631 4122 παρὰ
688 4035 983 4115 Σκύθαις
1040 4039 1150 4103 καὶ
1211 4036 1424 4123 Θρᾳξὶ
1480 4035 1832 4122 γιγνόμενα
1898 4034 1965 4102 ἐν
2022 4046 2165 4110 τοῖς
2218 4035 2594 4118 βασιλείοις
