2750 4534
1077 262 1349 316 ΕΡΩΤΕΣ.
2209 260 2286 318 17

1209 418 1250 517 ῆ
1296 430 1423 519 γὰρ
1470 429 1689 498 πολλὰ
1734 431 1981 514 μεταξὺ

478 531 673 621 οὔρεά
719 560 792 602 τε
836 535 1144 603 σκιόεντα
1189 534 1511 601 θάλασσά
1556 559 1629 600 τε
1670 529 1979 623 ἠχήεσσα,

149 639 313 714 ξένοι
343 662 417 703 τε
464 631 576 704 ἐπ’
618 632 973 723 ἀλλοτρίας
1016 641 1133 725 γῆς
1157 631 1640 722 ἀπειλήμμεθα
1676 639 1790 702 καὶ
1833 638 2292 724 πλεονέκτημα

149 741 553 826 Χαρικλέους
620 740 801 807 ἐστὶν
855 735 895 829 ἡ
955 741 1234 820 Κνίδος,
1301 732 1485 824 ὅμως
1536 732 1831 826 τάληθὲς
1889 732 1965 804 ού
2025 738 2289 824 προδώ-

149 865 340 924 σομεν
374 841 668 921 εἴξαντες
699 837 892 928 ὄκνῳ.
968 847 1069 909 32.
1115 841 1320 924 μόνον
1363 836 1523 928 ἡμῖν
1569 840 1667 920 σύ,
1714 841 1955 923 δαῖμον
2000 837 2284 924 οὗράνιε,
2316 849 2395 904 32

145 951 417 1029 καιρίως
469 945 870 1032 παράστηθι
915 946 1149 1032 φιλίας
1194 938 1576 1030 εὐγνώμων,
1637 942 2000 1031 ἱεροφάντὰ
2042 966 2294 1028 μυστη-

147 1053 299 1127 ρίων
333 1041 573 1130 Ἔρως,
621 1040 696 1112 ού
741 1043 940 1112 κακὸν
985 1045 1229 1133 νήπιον
1275 1041 1517 1112 ὁποῖον
1566 1044 1931 1162 ζωγράφων
1976 1045 2294 1124 παίζουσι

144 1163 384 1230 χεῖρες,
449 1142 598 1213 ἀλλ’
665 1146 742 1215 ὃν
797 1143 838 1237 ἡ
898 1146 1393 1269 πρωτοσπόρος
1451 1145 1787 1234 ἐγέννησεν
1831 1141 1993 1232 ἀρχὴ
2042 1149 2295 1213 τέλειον

148 1247 305 1316 εὐθύ
349 1249 853 1332 τεχθέντα·σύ
903 1248 1030 1335 γὰρ
1075 1249 1152 1330 ἐξ
1194 1242 1494 1368 ἀφανοῦς
1536 1250 1647 1315 καὶ
1691 1253 2039 1334 κεχυμένης
2084 1245 2296 1368 ἀμορ-

149 1359 302 1437 φίας
357 1351 436 1418 τὸ
501 1357 638 1419 πᾶν
696 1351 1120 1478 ἐμόρφωσας.
1209 1344 1438 1474 ω’σπερ
1499 1376 1613 1417 ουν
1670 1343 1828 1417 ολου
1878 1349 2130 1433 κόσμου
2174 1348 2295 1415 τά·

151 1479 268 1538 φον
333 1454 491 1521 τινὰ
558 1454 781 1521 κοινὸν
849 1448 1120 1542 ἀφελων
1181 1453 1258 1522 τὸ
1329 1460 1788 1538 περικείμενον
1857 1452 2019 1535 χάος
2086 1451 2295 1518 ἐκεῖνο

148 1557 257 1636 μὲν
301 1555 369 1635 ἐς
414 1555 735 1639 ἐσχάτους
776 1557 1110 1643 ταρτάρου
1153 1555 1401 1641 μυχοὺς
1446 1555 1931 1644 ἐφυγάδευσας,
1987 1555 2159 1622 ε’νθα
2203 1550 2298 1632 ὡς

152 1652 418 1746 ἀληθῶς

508 1761 845 1847 σιδήρειαί
887 1785 961 1827 τε
1004 1759 1215 1828 πύλαι
1258 1765 1366 1829 καὶ
1412 1760 1689 1843 χάλκεος
1732 1753 1946 1839 οὐδός,

151 1852 328 1941 ὅπως
357 1856 485 1929 ὑπ’
539 1857 862 1949 ἀρρήκτου
896 1864 1097 1930 δεθὲν
1141 1867 1443 1951 φρουρᾶς
1470 1867 1589 1950 τῆς
1632 1862 1922 1948 ἔμπαλιν
1967 1857 2129 1928 ὁδοῦ
2160 1861 2299 1946 ε’ίρ-

150 1983 368 2052 γηται·
433 1967 724 2051 λαμπρῷ
796 1965 870 2032 δὲ
937 1968 1115 2052 φωτὶ
1181 1963 1300 2051 τὴν
1368 1959 1678 2049 ἀμαυρὰν
1734 1963 1932 2030 νύκτα
1998 1963 2300 2040 πετάσας

70 2065 398 2146 Δίθθπαντὸς
443 2063 709 2150 ἀψύχου
754 2091 829 2132 τε
871 2069 982 2134 καὶ
1024 2066 1242 2154 ψυχὴν
1289 2067 1554 2148 ἔχοντος
1599 2065 1820 2152 ἐγένου
1868 2064 2297 2152 δημιουργός·

151 2165 484 2253 ἐξαίρετον
540 2168 610 2236 δὲ
676 2167 1036 2251 ἐγκεράσας
1101 2165 1424 2253 ὁμόνοιαν
1484 2162 1881 2254 ἀνθρώποις
1937 2165 2020 2232 τὰ
2091 2165 2299 2248 σεμνὰ

151 2261 375 2354 φιλίας
403 2269 607 2357 πάθη
657 2274 981 2359 συνῆψας,
1027 2270 1108 2338 ἵν’
1161 2271 1232 2350 ἐξ
1260 2265 1508 2338 ἀκάκου
1549 2273 1661 2337 καὶ
1708 2265 1978 2356 ἆπαλῆς
2022 2269 2121 2336 ἔτι
2164 2283 2303 2353 ψυ-

148 2375 254 2454 χῆς
305 2369 345 2458 ἡ
394 2367 628 2441 εὔνοια
674 2379 1237 2462 συνεκτρεφομένη
1284 2371 1461 2456 πρὸς
1503 2370 1580 2439 τὸ
1626 2374 1883 2440 τέλειον
1944 2369 2299 2458 ἀνδρῶται.

153 2478 244 2540 33.
307 2476 518 2561 γάμοι
559 2476 681 2560 μὲν
733 2474 858 2562 γὰρ
904 2477 1218 2564 διαδοχῆς
1263 2470 1628 2561 ἀναγκαίας
1673 2467 1978 2563 εὕρηνται
2024 2474 2297 2561 φάρμα-
2326 2481 2405 2537 88

153 2601 253 2657 κα,
297 2578 507 2662 μόνος
557 2579 628 2644 δὲ
674 2575 709 2645 ὅ
759 2573 965 2666 ἄρρην
1009 2579 1175 2664 ἔρως
1221 2577 1607 2667 φιλοσόφου
1649 2577 1848 2644 καλόν
1897 2575 2040 2643 ἐστι
2083 2579 2303 2662 ψυχῆς

155 2676 506 2766 ἐπίταγμα.
579 2683 757 2747 πᾶσι
802 2680 874 2746 δὲ
905 2693 1046 2758 τοῖς
1091 2679 1160 2747 ἐκ
1187 2683 1306 2748 τοῦ
1353 2679 1709 2764 περιόντος
1752 2677 1849 2757 εἰς
1896 2672 2303 2760 εὐπρέπειαν

154 2774 542 2868 ἠσκημένοις
586 2781 824 2849 ε’πεται
859 2782 1016 2872 τιμὴ
1049 2773 1357 2850 πλείων
1331 2771 1372 2870 ή
1405 2804 1534 2849 οσα
1562 2785 1680 2870 τῆς
1716 2779 2031 2866 παραυτά
2075 2785 2305 2866 χρείας

158 2881 516 2966 ἐπιδεῖται,
575 2888 688 2951 καὶ
745 2883 963 2973 πάντη
1019 2888 1140 2951 τοῦ
1198 2880 1560 2982 ἀναγκαίου
1616 2883 1691 2950 τὸ
1737 2880 1941 2950 καλον
1983 2897 2304 2967 κρεῖττον·

157 2977 296 3066 άχρι
325 2986 448 3069 μὲν
481 3011 596 3053 ουν
625 2982 662 3052 ὁ
706 2991 857 3070 βίος
902 2979 1178 3076 ἀμαθὴς
1218 2983 1316 3075 ήν,
1365 2981 1635 3054 ουδέπω
1677 2990 1795 3068 τῆς
1836 2979 2001 3052 καθ’
2053 2981 2305 3105 ἡμέραν

158 3091 386 3169 πείρας
444 3090 618 3173 πρὸς
679 3086 757 3154 τὸ
817 3090 1082 3171 βέλτιον
1140 3083 1497 3171 εὐσχολῶν,
1559 3081 1918 3176 ἀγαπητῶς
1965 3086 2083 3154 ἐπ’
2136 3081 2303 3154 αυτὰ

155 3185 232 3252 τὰ
277 3182 605 3275 ἀναγκαῖα
650 3192 1146 3267 συνεστέλλετο,
1207 3193 1326 3271 τῆς
1386 3191 1457 3257 δὲ
1505 3184 1768 3280 ἀγαθῆς
1821 3192 2083 3279 διαίτης
2128 3189 2307 3256 ἐπεί·

161 3311 283 3370 γων
336 3287 372 3357 ὁ
438 3290 676 3374 χρόνος
735 3285 810 3358 οὗ
869 3293 1196 3374 παρέσχεν
1253 3284 1530 3377 εῧρεσιν.
1635 3292 1867 3382 ἐπειδὴ
1928 3293 2000 3359 δὲ
2058 3293 2129 3359 αἱ
2185 3294 2307 3378 μὲν

163 3388 603 3477 ἐσπευσμέναι
641 3407 862 3479 χρεῖαι
905 3400 1119 3478 πέρας
1163 3390 1472 3478 εἶχον,οι
1518 3396 1589 3462 δὲ
1616 3398 1755 3461 τῶν
1787 3394 2305 3481 ἐπιγιγνομένων

164 3486 260 3560 ἀεὶ
316 3499 625 3582 λογισμοὶ
667 3499 787 3584 τῆς
844 3490 1127 3584 ἀνάγκης
1185 3493 1554 3585 ἀφεθέντες
1609 3492 1965 3586 ηὗκαίρουν
2012 3495 2307 3563 ἐπινοεῖν

163 3618 222 3660 τι
274 3622 410 3663 των
472 3598 900 3684 κρειττόνων,
975 3597 1046 3665 ἐκ
1106 3593 1348 3666 τούτου
1415 3593 1565 3666 κατ’
1638 3594 1861 3685 ὀλίγον
1936 3597 2334 3686 ἐπιστῆμαι·

167 3699 570 3786 συνηύξοντο.
626 3704 824 3768 τοῦτο
871 3695 935 3767 δ’
985 3697 1144 3790 ἡμῖν
1188 3696 1328 3770 ἀπὸ
1373 3727 1510 3770 των
1553 3700 2022 3784 ἐντελεστέρων
2063 3705 2308 3784 τεχνῶν

86 3798 198 3854 ⁴³4''
169 3823 412 3869 ενεστιν
441 3802 742 3883 εἰκάζειν.
834 3798 1071 3871 αὐτίκα
1102 3809 1366 3891 πρῶτοί
1408 3829 1582 3883 τινες
1628 3799 1991 3890 ανθρωποι
2034 3803 2305 3889 γενόμε-

169 3925 264 3968 νοι
301 3907 424 3971 τοῦ
464 3899 633 3971 καθ’
691 3902 945 3993 ἡμέραν
990 3909 1186 3990 λιμοῦ
1231 3907 1584 3996 φάρμακον
1629 3904 1913 3995 ἐζήτουν,
1960 3901 2104 3973 εἶθ’
2159 3903 2309 3975 ἀλι-

172 3997 466 4086 σκόμενοι
500 4010 583 4094 τῇ
627 4006 802 4095 πρὸς
843 4006 919 4075 τὸ
967 4007 1188 4095 παρὸν
1234 4008 1474 4097 ἐνδείᾳ,
1521 4012 1638 4096 τῆς
1681 4002 1978 4097 ἀπορίας
2023 4003 2139 4076 οὐκ
2183 4008 2307 4076 ἐώ-

261 4111 427 4159 Luouu:
446 4117 506 4161 11.
529 4117 568 4162 2.
1970 4113 2000 4163 2
