2750 4534
384 238 510 297 184
1122 237 1503 293 ΑΒΝΟΤΛΤΙΟ
1539 240 1812 296 GRlTlGA.

594 414 751 475 tione
777 411 917 473 Ddf.
944 418 1003 474 et
1022 413 1138 473 Bk.
1165 414 1323 489 quod
1352 417 1604 477 maxime
1627 418 1850 479 arridet
1871 421 1931 478 et
1949 414 2080 477 fere
2100 419 2408 491 receptum
2435 418 2552 475 est.

595 516 677 576 At
703 516 846 593 quid
870 520 959 577 est
980 516 1359 598 xapowelv?
1389 518 1598 582 dicere
1619 522 1715 582 vel
1731 518 1955 595 facere
1975 519 2216 592 aliquid
2235 518 2323 577 ad
2343 519 2551 578 vinum

596 622 636 680 i.
684 637 733 681 e.
783 622 944 682 inter
990 618 1326 682 bibendum.
1416 620 1682 698 Iuppiter
1723 622 1996 682 voluerat
2043 620 2361 681 Homerico
2404 619 2546 678 illo:

597 722 875 783 Κέκλυτε
904 738 1038 797 sqq.
1085 722 1308 797 alloqui
1352 724 1717 784 concionem.
1808 722 2111 799 Improbat
2149 720 2265 781 hoo
2309 721 2547 779 Merou-

598 825 718 883 rius
736 867 754 902 ,
816 824 972 898 quod
1034 826 1208 885 etiam
1268 826 1427 901 apud
1484 825 1646 887 Deos
1705 826 1851 885 satis
1917 823 2034 885 hoo
2086 823 2224 883 trito
2287 823 2545 900 prologo

599 927 993 1007 (προοίμιον)
1025 944 1164 987 usus
1193 928 1271 988 sit
1299 929 1371 987 in
1404 927 1791 988 conviviO.
1837 927 1967 987 Hoc
1997 929 2198 988 nostro
2229 926 2364 986 loco
2393 924 2549 984 nihil

596 1026 867 1105 profecto
913 1028 1097 1089 habet
1141 1029 1500 1109 offensionis,
1543 1029 1658 1090 nisi
1699 1028 1854 1089 forte
1897 1029 2014 1090 hoo
2055 1029 2168 1106 vie,
2215 1027 2378 1087 Deos
2421 1044 2544 1087 non

596 1130 803 1191 bibere
852 1133 1049 1191 vinum
1091 1131 1201 1193 sed
1230 1136 1456 1212 nectar,
1505 1150 1683 1209 quam
1713 1130 1951 1207 quidem
1982 1132 2366 1192 offensionem
2409 1130 2546 1188 nul-

598 1235 717 1293 lam
748 1250 881 1295 esse
910 1235 1292 1313 intellegitur,
1338 1237 1390 1294 si
1431 1251 1742 1312 compares
1785 1240 2232 1311 βουκολεῖν
2276 1235 2543 1310 ἵππους,

596 1336 768 1397 Hom.
813 1336 883 1395 11.
930 1337 1071 1416 XX,
1118 1340 1275 1416 221,
1330 1354 1450 1397 non
1509 1339 1663 1397 enim
1720 1337 1909 1414 magis
1953 1336 2139 1397 boves
2197 1338 2334 1395 sunt
2379 1336 2544 1412 equi,

600 1456 777 1515 quam
833 1443 1040 1499 nectar
1097 1443 1188 1499 est
1229 1440 1452 1499 vinum.
1541 1439 1766 1501 Eodem
1826 1438 2000 1500 modo
2060 1438 2306 1497 Icarom.
2353 1454 2407 1497 o.
2459 1439 2536 1495 21

598 1544 916 1618 usurpatur
956 1565 997 1620 y
1010 1563 1039 1605 ε
1053 1554 1394 1623 ωμετρεῖν,
1427 1564 1464 1605 ο
1482 1532 1526 1605 ὕ
1539 1565 1588 1605 π
1603 1564 1659 1605 ω
1705 1542 1818 1618 (sio
1849 1542 2004 1603 enim
2031 1539 2373 1617 legendum)
2417 1534 2545 1620 γὰρ

598 1640 681 1707 ἂν
727 1638 982 1725 εἰρήνην
1028 1639 1244 1722 ἄγοιμι
1291 1639 1597 1725 ὁσημέραι
1641 1666 1772 1724 παρ
1791 1641 1808 1664 ’
1839 1640 2060 1706 αὐτῶν
2104 1664 2546 1721 γεωμετρου-

594 1747 774 1826 μένη,
820 1764 1173 1822 quamquam
1218 1763 1337 1805 non
1383 1745 1458 1806 de
1502 1749 1764 1807 terrae
1809 1745 1918 1807 sed
1949 1744 2024 1805 de
2053 1745 2232 1804 lunae
2261 1760 2548 1803 mensura

601 1849 813 1925 agitur.
860 1882 944 1893 -
984 1853 1323 1933 Παρῳὸεῑν
1356 1853 1450 1909 est
1483 1855 1742 1911 cantare
1785 1847 2027 1923 aliquid
2064 1864 2244 1908 sensu
2286 1863 2328 1908 a
2371 1854 2547 1909 recto

472 2000 477 2007 .
598 1952 887 2013 carminis
941 1968 1120 2013 sensu
1164 1953 1364 2014 alieno
1419 1948 1650 2032 (παρά,
1718 1953 2046 2035 παρῳδία,
2115 1945 2538 2030 παράδοξον),

601 2052 759 2130 quod
801 2053 940 2113 huic
982 2053 1116 2113 looo
1161 2055 1400 2115 minime
1445 2058 1646 2131 aptum
1691 2058 1800 2115 est.

386 2173 439 2215 c.
468 2158 563 2214 15.
597 2150 1134 2236 παρασχόντας
1194 2151 1216 2236 ΙΙ
1271 2151 1809 2238 παρασχόντος
1875 2150 2000 2216 QZ
2057 2157 2200 2213 Μυῒ.
2277 2158 2374 2214 76.
2455 2186 2548 2196 —

600 2253 855 2335 ὓπισχν
871 2280 908 2321 ο
926 2252 1177 2333 ύμενος
1208 2257 1231 2337 ΙΙ
1263 2253 1401 2321 ὕπο
1417 2252 1609 2337 σχόμ
1625 2280 1782 2333 ενος
1813 2256 2114 2317 Schwartz
2134 2256 2277 2314 Μυῒ.
2305 2291 2388 2299 -
2406 2278 2446 2317 κ
2464 2259 2546 2317 αὶ

604 2355 769 2422 κατὰ
812 2354 932 2440 τὴν
974 2367 1155 2424 Ποικ.
1195 2355 1219 2441 ΙΙ
1251 2378 1377 2420 om.
1425 2365 1534 2423 καὶ
1576 2353 1754 2422 0911*
1783 2361 1927 2419 Μυῒ.
1965 2362 2062 2418 76.

391 2480 443 2522 c.
477 2466 571 2522 16.
604 2462 673 2525 ἐν
730 2468 825 2546 τῷ
881 2458 1287 2547 ὑπαιθρίῳ
1341 2460 1364 2541 ΙΙ
1419 2459 1726 2546 ὑπαίθρῳ
1770 2457 1894 2524 Ωἳῐ
1922 2462 2065 2521 Μυῒ.
2101 2465 2200 2521 ’76.
2257 2494 2338 2503 -
2394 2455 2546 2522 τὸν

603 2560 1070 2645 σαρὸτόνιον
1129 2561 1552 2641 ἐπιμωκετῖων
1605 2562 1628 2646 ΙΙ
1681 2560 1758 2627 τὸ
1803 2560 2266 2644 σαρὸώνιον
2319 2562 2432 2621 Bk.
2485 2566 2546 2622 et

605 2666 746 2727 Ddf.
795 2685 870 2728 ex
915 2664 1264 2748 σαρδάνιον
1309 2660 1432 2725 ΩΓ
1461 2668 1604 2726 Μυῒ.
1651 2684 1782 2727 oum
1823 2667 1885 2725 in
1915 2665 2080 2726 libris
2109 2688 2150 2727 α
2184 2668 2242 2724 et
2269 2686 2323 2727 ω
2354 2682 2544 2741 saepe

600 2771 757 2829 inter
797 2787 863 2829 se
910 2772 1351 2849 commutentur.

392 2876 572 2945 (3.17.
607 2867 774 2950 πλὴν
805 2866 1127 2951 ἐκεκμήκει
1157 2867 1304 2952 γὰρ
1336 2865 1359 2951 ΙΙ
1392 2894 1473 2949 γε
1503 2870 1824 2931 Schwartz.
1847 2902 1930 2912 —-
1955 2864 2548 2947 e'accoxoxv‘jooet}

605 2970 1292 3050 ἐπεξελεύσεσθαι
1352 2967 1476 3032 ΩΓ
1519 2974 1662 3033 Μυῒ.
1722 3005 1804 3015 -
1861 2967 2006 3035 τὸν
2073 2965 2320 3049 λόγον
2375 2967 2398 3049 ΙΙ
2451 2967 2548 3033 τὸ

605 3076 908 3151 σκέμμα
952 3068 1073 3134 ΩΓ
1103 3077 1247 3135 Μυῒ.
1280 3076 1394 3135 Bk.

392 3198 444 3238 e.
478 3182 571 3238 18.
603 3180 755 3257 μηδὲ
801 3172 973 3253 ὅλως
1017 3166 1217 3258 ἦμᾶς
1261 3177 1424 3240 εἶναι
1457 3173 1480 3259 ΙΙ
1511 3172 1757 3251 θεοὺς
1799 3193 1908 3252 pro
1939 3172 2106 3255 ἡμᾶς
2135 3170 2240 3236 211*
2269 3176 2411 3233 Mut.
2444 3178 2546 3233 76.

607 3314 687 3322 -
736 3276 852 3343 τοῖκ
886 3278 909 3360 ΙΙ
940 3275 1018 3343 τὰ
1062 3280 1131 3342 ἐκ
1176 3274 1298 3338 ΩΓ
1326 3282 1470 3338 Μυῒ.

394 3402 445 3443 e.
479 3387 574 3442 19.
608 3373 652 3461 ἢ
692 3388 756 3444 τί
797 3377 918 3462 γὰρ
965 3378 1059 3445 ἂν
1106 3377 1348 3456 αὐτοὶ-ς
1394 3374 1684 3457 ἀξιώσειέ
1729 3402 1824 3454 τις
1869 3374 1952 3441 ἂν
1997 3391 2266 3459 φρονεῖν
2312 3373 2334 3456 ΙΙ
2380 3369 2422 3436 τ’
2489 3383 2552 3438 et

607 3481 700 3547 ἂν
746 3503 871 3543 om.
904 3477 973 3542 Ω
1002 3485 1168 3563 Μυῒ.,
1213 3484 1377 3560 prius
1411 3479 1504 3545 ἂν
1537 3499 1648 3541 om.
1682 3474 1859 3541 0211*
1890 3481 2032 3539 Μυῒ.
2069 3483 2166 3538 76.
2214 3512 2294 3523 -
2339 3482 2551 3541 διαι-

606 3592 952 3666 ροῦνται
984 3582 1008 3661 ΙΙ
1041 3588 1578 3648 διανοοῦνται
1623 3576 1801 3643 ΩἳῑΓ
1837 3585 1933 3641 76.

393 3692 575 3749 e.21.
607 3693 831 3763 τίνες
889 3684 1109 3750 αὐτῶν
1154 3688 1217 3750 οὶ
1262 3693 1504 3764 φαῦλοι
1545 3683 1568 3764 ΙΙ
1612 3687 1919 3758 οἵτινες
1963 3676 2085 3741 ΩΓ
2116 3683 2258 3741 Μυῒ.
2306 3715 2389 3724 -
2436 3680 2551 3745 οὐ-

611 3793 717 3853 δὲν
775 3786 857 3853 ἂν
916 3790 995 3851 ἐκ
1014 3785 1267 3851 ω’λυεν
1318 3785 1341 3869 ΙΙ
1395 3783 1719 3850 ἐκώλυσεν
1765 3785 1926 3846 det.
1945 3830 1962 3865 ,
2022 3784 2098 3844 of.
2147 3782 2414 3845 Codices·
2466 3818 2547 3827 —

609 3892 934 3969 ἐξέπεμπε
967 3886 989 3971 ΙΙ
1024 3891 1352 3967 ἐξέπεμψε
1399 3887 1562 3949 det.
1607 3922 1690 3933 —-
1742 3884 2155 3967 ἐφρόντιζες
2188 3882 2211 3967 ΙΙ
2256 3884 2550 3967 ἐφρόντι-

610 4011 748 4069 σας
792 3986 968 4054 921?
998 3994 1141 4051 Mat.
