2750 4534
1086 303 1358 357 ΕΡΩΤΕΣ.
2256 302 2295 358 5

162 501 258 554 κις
296 471 450 561 ἡμῖν
510 473 670 541 ἰδὼν
713 472 1213 562 ἐπιφοιτῶντας
1273 473 1603 553 ἐνταῦθα,
1661 470 1778 539 τὸν
1837 469 1904 539 ἐκ
1948 478 2297 560 Κορίνθου

161 579 496 660 Χαρικλέα
538 582 806 645 νεανίαν
852 569 967 642 οὐκ
1010 570 1353 662 ἄμορφον,
1415 574 1646 658 ἔχοντα
1689 601 1757 642 τι
1800 576 1911 642 καὶ
1955 600 2295 659 κομμωτι-

160 687 265 764 κῆς
329 673 668 766 ἀσκήσεως
736 678 854 744 ὅτε
918 674 1110 762 οἶμαι
1171 683 1471 764 γυναίοις
1538 675 2087 761 ἐνωραῖζόμενον·
2158 669 2299 760 ἷὶμα

163 776 218 847 δ’
280 775 462 868 αὐτῷ
516 784 629 848 καὶ
688 779 1224 865 Καλλικρατίδαν
1279 777 1399 846 τὸν
1437 772 1811 868 Ἀθηναῖον
1865 777 1983 846 τὸν
2040 778 2298 863 τρόπον

162 881 513 951 ἁπλοϊκόν·
587 887 1104 971 προηγουμένως
1173 879 1299 968 γὰρ
1373 882 1741 949 πολιτικῶν
1812 881 2023 968 λόγων
2095 884 2299 965 προΐ-

161 1012 359 1054 στατσ
402 989 514 1055 καὶ
544 987 826 1075 ταυτησὶ
870 989 988 1075 τῆς
1020 979 1336 1071 ἀγοραίου
1384 985 1751 1074 ῥητορικῆς.
1825 971 1905 1073 ἦν
1950 985 2023 1051 δὲ
2053 987 2161 1051 καὶ
2201 987 2299 1070 τῷ

162 1090 415 1173 σώματι
458 1081 1059 1176 γυμναστικός,οὗ
1105 1079 1200 1153 δι’
1253 1082 1417 1152 ἄλλο
1461 1092 1531 1154 τί
1572 1112 1693 1170 μοι
1737 1087 1953 1155 δοκεῖν
1996 1087 2119 1165 τὰς
2163 1113 2302 1153 πα-

161 1193 471 1276 λαίστρας
515 1189 796 1276 ἀγαπῶν
839 1179 882 1278 ἢ
915 1188 1028 1255 δια
1073 1213 1229 1266 τους
1259 1187 1683 1266 παιδικούς”
1648 1204 1929 1276 ερωτας·
1976 1181 2131 1267 όλος
2173 1187 2302 1275 γὰρ

159 1293 220 1372 ἐς
257 1297 459 1360 τοῦτο
506 1292 826 1379 ἐπτόητο·
871 1294 968 1378 τῷ
1010 1291 1082 1357 δὲ
1125 1289 1299 1376 πρὸς
1341 1289 1418 1357 τό
1466 1292 1644 1410 θῆλυ
1687 1296 1873 1375 μίσει
1917 1291 2140 1357 πολλὰ
2185 1294 2301 1359 καὶ

159 1399 516 1485 Προμηθεῖ
575 1397 928 1483 κατηρᾶτο.
1017 1392 1383 1478 πόρρωθεν
1452 1418 1567 1459 ουν
1627 1391 1791 1459 ἰδών
1847 1391 2156 1481 ἑκάτερός
2218 1419 2305 1477 με

159 1499 402 1584 γήθους
447 1499 557 1563 καὶ
598 1500 807 1618 χαρᾶς
850 1497 1054 1561 πλέοι
1095 1495 1596 1580 προσέδραμον·
1645 1487 1787 1562 εἶθ’
1838 1491 2049 1562 ὁποῖα
2096 1498 2301 1584 φιλεῖ,

161 1599 634 1683 δεξιωσόμενοι
666 1597 841 1684 πρὸς
871 1591 1074 1665 αυτόν
1105 1595 1396 1664 ελθεῑν(
1363 1596 1671 1684 εκάτερος
1698 1591 1925 1685 ἠξίουν
1953 1623 2059 1682 με.
2124 1592 2305 1685 κάγὼ

162 1706 699 1790 φιλονεικοῦντας
742 1696 916 1788 δρῶν
959 1704 1372 1784 περαιτέρω,
1428 1699 1520 1768 Τὸ
1567 1700 1691 1785 μὲν
1732 1700 2037 1787 τήμερον,
2085 1696 2303 1782 εἶπον,

161 1793 207 1869 (ὀ
252 1804 754 1888 Καλλικρατίδα
809 1806 918 1870 καὶ
963 1805 1358 1887 Χαρίκλεις,
1418 1798 1625 1891 ι’ἱμφω
1668 1806 1885 1880 καλῶς
1929 1803 2075 1886 ἕχον
2122 1803 2303 1871 ἐστὶν

163 1904 322 1992 ὑμᾶς
367 1901 539 1991 παρ’
593 1904 740 1990 ἐμοὶ
781 1913 1046 1993 φοιτᾶν,
1092 1905 1205 1972 ἵνα
1246 1903 1336 1993 μὴ
1369 1907 1588 1972 πλείω
1631 1904 1750 1994 τὴν
1796 1905 1935 1991 ἔριν
1981 1905 2301 1994 ἐγείρητε·

78 2019 298 2089 4ίῆταῖς
342 2010 418 2076 δὲ
449 2007 690 2098 ἐφεξῆς
733 2005 1013 2098 ἡμέραις
1056 2046 1141 2057 —
1181 2021 1360 2094 τρεῖς
1403 2006 1529 2094 γὰρ
1571 2006 1869 2074 ἐνταῦθα
1912 1997 2306 2095 ἢτέτταρας

166 2112 477 2198 διέγνωκα
533 2115 756 2195 μένειν
800 2147 886 2160 -
928 2103 1307 2194 ἆμοιβαίως
1362 2103 1848 2177 ἆνθεστιάσετέ
1904 2135 2018 2194 με,
2082 2110 2304 2199 κλήρῳ

166 2215 531 2304 διακριθεὶς
575 2209 610 2280 ὅ
658 2215 1006 2300 πρότερος.
1101 2218 1200 2280 10.
1247 2211 1463 2280 ἐδόκει
1507 2215 1735 2280 ταῦτα.
1823 2205 2126 2301 κάκείνην
2184 2213 2306 2297 μὲν
2339 2212 2412 2269 10

165 2316 270 2403 τὴν
312 2314 566 2406 ἡμέραν
611 2314 1025 2403 εἱστιάρχουν
1069 2313 1225 2402 ἐγώ,
1283 2318 1365 2401 τῇ
1412 2308 1478 2380 δ’
1532 2309 1812 2403 ἐπιούσῃ
1858 2317 2307 2402 Καλλικρατί-

168 2418 294 2500 δας,
341 2416 489 2486 εἶτα
531 2411 678 2501 μετ’
719 2411 922 2484 αὗτὸν
952 2413 989 2484 ὅ
1021 2418 1387 2504 Χαρικλῆς.
1462 2415 1686 2502 ἑώρων
1717 2416 1795 2504 δὴ
1825 2420 1934 2484 καὶ
1969 2415 2154 2503 παρὰ
2186 2417 2307 2502 τὴν

169 2519 459 2589 ἑστίασιν
504 2519 743 2608 ἐναργῆ
787 2522 904 2609 τῆς
942 2519 1251 2602 ἑκατέρου
1297 2519 1677 2596 διαθέσεως
1720 2518 2069 2608 τεκμήρια·
2116 2515 2151 2584 ὅ
2184 2519 2307 2602 μὲν

169 2619 281 2709 γὰρ
316 2617 692 2710 Ἀθηναῖος
748 2615 1114 2710 εὐμόρφοις
1170 2623 1414 2688 παισὶν
1465 2620 1811 2740 ἐξήσκητο,
1865 2623 1979 2688 καὶ
2022 2625 2161 2698 πᾶς
2204 2620 2307 2687 οἱ-

170 2729 342 2813 κέτης
401 2723 585 2810 αὐτῷ
631 2722 864 2806 σχεδὸν
921 2717 1216 2809 ἀγένειος
1270 2709 1350 2809 ἦν
1396 2727 1587 2809 μέχρι
1643 2725 1762 2788 τοῦ
1806 2726 2077 2808 πρῶτον
2134 2717 2307 2788 ὓπο-

172 2832 537 2954 γραφέντος
572 2819 799 2904 αὐτοῖς
835 2829 994 2908 χνοῦ
1038 2830 1568 2912 παραμένοντες,
1616 2824 1895 2892 ἐπειδὰν
1941 2825 2012 2892 δὲ
2059 2824 2311 2903 ἰούλοις

175 2929 236 2993 αἱ
263 2931 542 3016 παρειαὶ
589 2932 1054 3010 πυκασθωσιν,
1104 2927 1446 3013 οἰκονόμοι
1489 2930 1600 3004 καὶ
1644 2932 1776 2995 τῶν
1797 2922 2135 3017 Ἀθήνησι
2175 2954 2309 3012 χω·-

173 3036 320 3111 ρίων
376 3029 732 3118 κηδεμόνες
790 3023 1298 3097 ἀπεστέλλοντο.
1399 3032 1731 3117 Χαρικλεῖ
1780 3055 1854 3117 γε
1908 3029 2038 3116 μὴν
2096 3028 2310 3108 πολυς

171 3126 608 3221 ὀρχηστρίδων
665 3134 779 3199 καὶ
838 3135 1267 3218 μουσουργῶν
1322 3131 1522 3218 χορὸς
1580 3132 1809 3200 εἵπετο
1866 3135 1978 3200 καὶ
2034 3136 2173 3199 πᾶν
2228 3129 2307 3198 τὸ

175 3234 498 3318 δωμάτιον
554 3229 647 3313 ὥς
703 3233 774 3300 ἐν
798 3239 1322 3355 Θεσμοφορίοις
1380 3238 1703 3320 γυναικῶν
1758 3232 2005 3318 μεστὸν
2059 3220 2142 3321 ἦν
2194 3228 2310 3302 ἇν-

173 3335 317 3421 δρὸς
389 3330 533 3404 ουδ’
617 3330 828 3426 ἆκαρῆ
895 3336 1262 3419 παρόντος,
1339 3335 1401 3402 εἰ
1465 3337 1554 3424 μή
1622 3343 1691 3404 τί
1756 3363 1891 3404 που
1960 3337 2202 3424 νήπιον
2269 3329 2309 3424 ἢ

171 3443 363 3522 γέρων
428 3434 764 3565 ὖπερῆλιξ
831 3431 1178 3524 ὀψοποιὸς
1213 3432 1556 3559 ὀφθείη,
1648 3441 2051 3527 ζηλοτυπίας
2136 3464 2311 3506 υπο-

174 3547 333 3622 ψίαν
378 3566 494 3608 ουκ
523 3540 798 3623 έχοντες.
872 3566 954 3662 ην
996 3540 1118 3624 μὲν
1164 3565 1297 3622 ουν,
1345 3536 1438 3620 ὥς
1469 3541 1657 3631 ε’φην,
1701 3545 1813 3608 καὶ
1857 3534 2061 3608 ταῦθ’
2117 3538 2308 3606 ἱκανὰ

174 3645 279 3726 τῆς
323 3637 718 3730 ἀμφοτέρων
777 3643 1042 3731 γνώμης
1087 3643 1432 3730 δείγματα.
1520 3643 1847 3722 πολλάκις
1896 3668 1969 3730 γε
2011 3641 2142 3731 μὴν
2189 3641 2306 3710 ἐπ’

176 3739 385 3830 ὀλίγον
431 3742 804 3832 ἁψιμαχίαι
846 3744 1022 3823 τινὲς
1067 3740 1297 3823 αὐτοῖς
1343 3743 1771 3834 ἐκινήθησαν,
1790 3739 1950 3867 Ὴοῦχ
1973 3742 2065 3824 ὥς
2101 3750 2315 3828 πέρας

93 3846 332 3927 4ὓ8ἕχειν
385 3874 454 3915 τι
511 3846 626 3937 τὴν
686 3845 973 3936 ζήτησιν.
1063 3841 1212 3913 ἄλλ’
1279 3844 1431 3914 ἐπεὶ
1486 3847 1713 3936 καιρὸς
1777 3833 1857 3936 ἦν
1912 3840 2311 3935 ἀνάγεσθαι,

179 3948 506 4032 σύμπλους
549 3947 1005 4038 ἐθελήσαντας
1051 3943 1290 4028 αὖτοὺς
1336 3947 1709 4039 ἐπηγόμην·
1768 3950 2141 4018 διενοοῦντο
2185 3947 2314 4035 γὰρ

180 4073 238 4127 ες
288 4051 402 4142 τὴν
450 4044 736 4120 Ἰταλίαν
805 4045 1130 4138 ἀπαίρειν
1188 4047 1443 4137 ὅμοίως
1508 4050 1678 4137 ἐμοί.
1784 4058 1882 4119 11.
1938 4053 2048 4118 καὶ
2108 4050 2311 4129 δόξαν
2346 4067 2415 4120 11
