2750 4534
2258 265 2365 321 vn

395 451 510 514 hos
551 469 762 514 omncs
802 450 1048 514 codices
1083 452 1286 534 maqit
1327 451 1529 515 minus
1570 452 1737 515 inter
1778 473 1847 515 sc
1887 455 2239 528 consentire

397 595 618 657 contra
657 588 720 660 ss
780 585 1140 650 Vaticanum
1181 607 1391 673 paene
1434 591 1533 656 sui
1575 590 1733 656 iuris
1776 596 1843 657 et
1886 591 2361 674 qqumodo

219 722 782 809 ἀλλοπρόσαλλον
795 774 814 802 ,
875 724 940 789 in
995 723 1264 807 singulis
1307 729 1611 808 tanquam
1676 724 1868 791 deum
1925 745 2011 792 ex
2065 726 2364 794 machina

220 860 422 927 laude
470 859 936 944 dignissimum,

407 992 765 1058 Urbinatem
807 995 1084 1062 similem
1114 993 1188 1076 ἓ,
1232 1014 1360 1061 non
1388 1013 1631 1079 parem,
1676 996 1871 1062 etiam
1898 995 2260 1060 Par-aeuum
2287 995 2369 1058 Μ

226 1141 295 1200 et
332 1131 772 1217 Upsaliemem,
819 1130 987 1198 hunc
1030 1130 1290 1214 quidem
1317 1132 1750 1215 negligentius
1793 1151 1990 1216 saepe
2032 1134 2358 1218 scriptum,

223 1269 488 1335 minime
533 1267 967 1352 neglegendos

399 1407 706 1467 minorum
755 1402 1018 1489 denique
1069 1403 1342 1486 yenn‘um
1386 1403 1749 1466 Par-initum
1790 1402 1843 1470 G
1887 1411 1955 1470 et
1998 1423 2142 1470 eum
2199 1425 2360 1490 esse,

223 1543 340 1624 qui
386 1539 496 1606 diu
539 1541 605 1605 in
650 1541 910 1624 optimis
954 1540 1210 1607 habitus
1254 1548 1354 1607 est
1403 1537 1829 1603 Gorlicensm
1870 1541 1949 1606 A.

397 1677 473 1742 In
530 1697 654 1760 quo
699 1678 755 1743 si
810 1696 1036 1762 parum
1092 1683 1265 1744 recte
1321 1695 1426 1742 me
1484 1675 1727 1742 vidisse
1788 1678 2118 1744 convictus
2172 1677 2360 1745 fuero

221 1835 355 1880 non
399 1812 608 1880 solum
653 1831 858 1895 aequo
904 1810 1022 1878 sed
1065 1812 1258 1877 etiam
1292 1811 1519 1884 libenti
1562 1809 1631 1876 id
1674 1812 1889 1878 animo
1934 1812 2156 1896 feram,
2200 1812 2363 1878 nihil

221 1948 405 2017 aliud
449 1968 698 2030 curans,
744 1949 868 2014 nisi
912 1955 982 2014 ut
1024 1949 1308 2014 Luciano
1352 1954 1525 2015 recte
1571 1955 1635 2014 et
1678 1949 1843 2015 iuste
1885 1951 2271 2016 consulatur.

400 2085 828 2164 Quamobrem
873 2083 998 2151 hoc
1041 2091 1140 2152 est
1182 2085 1247 2150 in
1292 2090 1443 2152 voto
1459 2134 1478 2168 ,
1536 2091 1607 2151 ut
1648 2103 1729 2150 ne
1773 2083 1983 2152 denuo
2029 2084 2360 2153 deseratur

222 2223 578 2304 Lucianus,
653 2221 763 2305 qui
828 2235 945 2305 per
1008 2227 1104 2287 tot
1163 2221 1561 2287 saeculorum
1627 2218 1964 2287 decursum
2036 2221 2363 2289 hominum

223 2335 536 2424 memoria
563 2357 842 2440 agitatus
871 2355 998 2423 huc
1027 2373 1228 2437 usque
1270 2353 1553 2438 niquit,*)
1598 2353 1790 2422 modo
1822 2356 2137 2439 sepositus
2167 2355 2359 2423 modo

222 2494 566 2577 repositus,
610 2491 804 2559 modo
849 2490 1153 2575 dilectus,
1197 2490 1389 2558 modo
1433 2491 1727 2572 reiectus,
1770 2492 1935 2558 levis
1981 2511 2107 2558 non
2150 2493 2359 2559 minus

224 2648 420 2711 quam
481 2627 696 2710 gravis
753 2645 910 2693 suae
973 2627 1204 2693 aetatis
1258 2626 1440 2693 testis
1455 2675 1472 2710 ,
1538 2645 1829 2709 prorsum
1887 2632 2360 2709 retrorsumque

226 2769 526 2847 spectans
555 2763 886 2845 utriusque
908 2763 1056 2828 aevi
1086 2763 1445 2829 luculentus
1467 2781 1676 2827 rerum
1705 2760 1905 2828 index
1934 2768 1999 2828 et
2026 2763 2359 2846 interpres.

400 2897 564 2965 Sunt
619 2899 788 2965 enim
846 2898 1085 2965 multae
1143 2897 1355 2964 adhuc
1414 2898 1717 2964 tenebrae
1759 2899 1933 2964 vitae
1978 2899 2360 2982 scriptisque

225 3036 370 3102 eius
417 3034 664 3102 offusae
679 3084 696 3119 ,
753 3035 1170 3119 dignissimae
1215 3055 1381 3118 quae
1426 3034 1703 3102 adsiduo
1762 3034 1973 3102 studio
2032 3036 2360 3118 alacrique

223 3169 450 3236 labore
496 3168 933 3237 discutiantur.

401 3574 738 3659 Superest,
791 3583 862 3641 ut
904 3576 1270 3644 verissimas
1314 3577 1555 3659 gratias
1598 3596 1786 3659 agam
1833 3575 1959 3656 eis,
2006 3574 2115 3656 qui
2160 3572 2363 3639 libera

221 3715 294 3777 et
323 3709 644 3777 benevola
670 3730 942 3778 censura
983 3730 1115 3777 rem
1149 3730 1357 3778 meam
1402 3714 1873 3796 promoverunt.
1948 3707 2177 3790 Neque
2206 3726 2361 3773 vero

400 3997 452 4060 *)
489 3995 569 4050 Of.
604 3995 850 4052 Richard
874 3995 1118 4064 Forster‚
1152 3994 1366 4050 Lucian
1400 3995 1459 4049 in
1493 3995 1593 4051 der
1614 3992 1999 4048 Renaissance.
2061 3990 2187 4046 Kiel
2214 3995 2361 4047 1886.
