2750 4534
381 248 509 308 168
1126 249 1509 305 ΑΒΝΟΤΑΤΙΟ
1544 250 1817 309 ΟΒΙΤΙΩΑ.

1241 524 1682 591 IMAGINES.

660 697 842 759 codd.
878 693 932 755 Α
1002 698 1200 759 Marc.
1232 691 1301 756 Ω
1390 698 1543 759 Vatt.
1576 691 1626 755 Γ
1666 701 1827 759 1324
1917 698 2167 761 Vindob.
2200 692 2268 760 B.

427 867 478 910 e.
509 856 564 910 1.
596 847 686 914 ov²
708 846 830 930 γὰρ
862 846 956 914 ἄν
985 900 998 914 .
1038 898 1052 914 .
1083 902 1096 915 .
1136 848 1541 931 φθονήσαις
1583 848 1737 931 ἡμῖν
1768 849 1919 915 οὐδὲ
1951 845 2509 932 ζηλοτυπήσαις
2542 846 2561 931 Ι

596 969 711 1011 om.
759 948 852 1015 ἄν
898 949 1016 1033 (Β)
1060 948 1507 1034 φθονήσεις
1550 946 1718 1027 (ΓΒ)
1762 947 2267 1034 ζηλοτυπήσεις
2312 952 2449 1029 (Β).

427 1070 475 1116 e.
507 1055 565 1114 2.
597 1050 748 1116 οὐδὲ
791 1050 1083 1130 τοῦνομα
1114 1049 1367 1119 ἐπύθου
1400 1050 1551 1133 σύγε
1594 1046 1643 1135 η’
1686 1079 1781 1131 τις
1813 1062 2081 1119 καλοῖτο
2114 1053 2138 1138 ΙΙ
2170 1052 2211 1118 ὅ
2252 1079 2327 1117 τι
2373 1054 2557 1118 det.

595 1157 899 1217 sollemnis
943 1157 1096 1217 haec
1140 1162 1233 1218 est
1275 1157 1436 1234 apud
1478 1158 1805 1217 Lucianum
1862 1162 2169 1221 structura.
2265 1157 2351 1221 Of.
2400 1158 2461 1216 L
2478 1176 2562 1217 u-

598 1260 868 1319 eianea
911 1278 1044 1321 mea
1071 1260 1240 1336 Lips.
1279 1264 1439 1321 1875
1486 1278 1628 1337 pag.
1667 1266 1806 1321 110.
1882 1261 1976 1321 De
2021 1265 2206 1338 morte
2236 1261 2565 1337 Peregrini

601 1358 682 1426 οὐ
724 1357 843 1442 γὰρ
891 1361 1035 1425 οἶδα
1081 1354 1122 1423 ὅ
1163 1386 1225 1424 τι
1262 1358 1298 1424 ὃ
1328 1363 1658 1438 βέλτιστος
1689 1363 1932 1438 ἐκεῖνος
1964 1363 2251 1426 ἐκαλεῖτο
2283 1362 2360 1423 of.
2384 1361 2560 1423 Gall.

597 1483 648 1523 e.
703 1470 776 1525 10
833 1470 1084 1527 τοῦτο
1142 1460 1261 1544 γὰρ
1323 1460 1360 1527 ὃ
1418 1460 1745 1545 κεκραγὼς
1788 1515 1801 1528 .
1837 1515 1850 1527 .
1887 1515 1900 1528 .
1965 1465 2397 1528 ἐκαλεῖτο
2474 1499 2561 1511 —-

599 1563 801 1630 ἐδόκει
858 1569 922 1629 δὲ
977 1589 1088 1642 μοι
1146 1572 1278 1629 καὶ
1336 1562 1574 1642 αὐτὸς
1617 1575 2085 1646 Σμυρναῖος
2132 1567 2292 1631 εἶναι
2340 1564 2377 1629 ὃ
2426 1571 2567 1631 λέ-

596 1693 758 1749 γων
791 1666 814 1751 ΙΙ
846 1677 963 1746 Σμ.
1014 1675 1146 1732 καὶ
1192 1664 1438 1746 αὐτὸς
1484 1666 1521 1732 ὅ
1566 1672 1825 1748 λέγων
1871 1669 2081 1733 εἶναι
2132 1669 2469 1731 ΓΒ1324.

429 1790 481 1832 e.
510 1775 566 1832 3.
601 1772 733 1834 ἐπεὶ
777 1776 1024 1834 λίθου
1069 1777 1268 1834 τοῦτο
1303 1794 1372 1849 γε
1401 1821 1416 1835 .
1452 1822 1465 1835 .
1502 1822 1515 1834 .
1553 1771 1855 1851 ἐποίησας
1888 1766 1911 1853 ΙΙ
1942 1777 2180 1847 λίθος
2224 1768 2333 1834 ὢν
2378 1771 2561 1832 det.

599 1873 677 1934 ef.
725 1891 778 1932 o.
817 1877 842 1931 1
892 1880 1130 1953 μικροῦ
1175 1875 1297 1937 δέω
1342 1879 1581 1949 λίθος
1626 1874 1694 1950 ἐξ
1740 1869 2105 1954 α’νθρεόπου
2150 1890 2252 1937 σοι
2291 1876 2560 1951 γεγονέ-

598 1998 705 2038 ναι
751 1992 805 2034 o.
843 1979 918 2034 14
963 1980 1152 2051 λίθος
1202 1976 1270 2053 ἐξ
1300 1969 1665 2056 α’νθρώπου
1709 1971 2058 2053 γενόμενος
2101 2008 2187 2017 -
2230 1972 2381 2038 οὔτε
2426 1970 2557 2038 τὸν

595 2083 977 2157 Σμυρναῖον
1007 2072 1311 2157 ἐρόμενος
1341 2127 1354 2140 .
1388 2126 1405 2140 .
1440 2127 1454 2142 .
1492 2071 1665 2157 ἥτις
1693 2070 1777 2156 ἦν
1810 2072 1833 2158 ΙΙ
1866 2075 1965 2136 Sic
1996 2081 2161 2137 reete
2190 2076 2557 2137 Iaoobitzius

603 2182 808 2239 eontra
866 2180 1266 2239 auctoritatem
1324 2179 1612 2239 bonorum
1670 2178 1937 2239 codicum
1982 2174 2189 2239 ΩΓΒ
2228 2178 2389 2240 1824
2456 2180 2565 2255 qui

603 2280 826 2342 habent
885 2276 924 2344 ὅ
947 2297 1043 2343 στ
1066 2306 1087 2344 ι
1112 2305 1144 2357 ς
1198 2274 1311 2362 ἦνς
1378 2283 1574 2358 agitur
1640 2283 1795 2341 enim
1860 2281 1935 2341 de
2000 2279 2221 2341 femina
2286 2300 2405 2341 non
2477 2281 2559 2342 de

600 2384 835 2444 homine
879 2384 984 2444 illo
1028 2383 1356 2460 Smyrnaeo
1400 2384 1533 2460 quis
1588 2384 1801 2463 fuerit,
1859 2389 1925 2444 ut
1979 2384 2197 2444 docent
2251 2401 2405 2459 quae
2459 2402 2556 2444 se-

606 2491 861 2562 quuntur
904 2484 1028 2550 κᾶν
1071 2482 1148 2550 τὸ
1195 2486 1413 2563 εἶδος
1456 2538 1470 2551 .
1520 2537 1534 2551 .
1584 2538 1597 2550 .
1660 2482 2007 2564 ὑπόδειξον
2063 2494 2159 2571 τῷ
2214 2482 2409 2570 λόγῳ.
2466 2521 2559 2529 -

605 2588 762 2670 ὃρᾶς
805 2639 818 2653 .
855 2640 868 2653 .
904 2640 917 2653 .
970 2586 1094 2668 ἐγὼ
1139 2592 1203 2652 δὲ
1248 2596 1659 2665 λυμανοῦμαι
1704 2585 1781 2652 τὸ
1832 2587 2196 2670 α’ρχέτυπον
2242 2586 2559 2671 ἀσθενείᾳ

603 2697 715 2772 τῆς
772 2693 994 2771 τέχνης
1027 2687 1049 2771 ΙΙ
1083 2690 1324 2768 Signum
1381 2692 1859 2768 interrogationis
1902 2692 2076 2768 posui
2130 2695 2266 2766 post
2309 2687 2437 2768 ἐγὼ
2487 2695 2557 2754 δὲ

602 2799 1013 2869 λυμανοῦμαι
1042 2788 1119 2856 τὸ
1164 2790 1525 2873 α’ρχέτυπον
1559 2791 1858 2875 α’σθενείᾳ
1902 2801 2013 2873 τῆς
2056 2796 2278 2874 τέχνης
2324 2811 2561 2869 „quam

605 2911 683 2956 ne
724 2897 935 2956 summi
980 2897 1218 2969 quidem
1262 2897 1536 2969 artifices
1579 2898 1869 2958 imitando
1917 2899 2263 2971 exprimere
2297 2906 2561 2971 possent

605 2998 1128 3071 pulchritudinem
1170 3015 1362 3073 eoone
1404 3015 1537 3059 mea
1587 2998 1999 3060 imbecillitate
2040 3014 2377 3073 cor-rupero
2396 3000 2425 3057 ?
2466 3032 2553 3041 —

607 3103 663 3160 εί
716 3100 886 3183 φίλῳ
946 3097 1131 3181 α’νδρὶ
1176 3101 1513 3177 ἐπιδείξαις
1556 3098 1673 3181 τὴν
1719 3096 1936 3164 εἰκόνα
1982 3096 2198 3176 ὅπως
2258 3097 2353 3164 ἂν
2410 3107 2561 3183 τῆς

607 3208 963 3282 γραμμῆς
1009 3202 1133 3281 ἔχῃ
1166 3198 1190 3283 ΙΙ
1221 3204 1388 3264 Bene
1421 3202 1757 3263 emendavit
1785 3202 1927 3262 Ddf.
1974 3198 2154 3279 ὅπως
2196 3209 2309 3283 τῆς
2354 3226 2561 3283 γραμ·

606 3310 726 3384 μῆς
799 3304 953 3383 ἔχει
1023 3322 1136 3365 om.
1199 3300 1294 3368 ἂν.
1398 3303 1544 3365 Sunt
1602 3306 1756 3365 enim
1791 3309 1975 3368 ,certa
2031 3304 2320 3381 quaedam
2378 3306 2557 3365 unius

607 3406 834 3484 figurae
897 3407 1134 3483 orisque
1189 3408 1548 3468 lineamenta
1606 3412 1882 3467 accurate
1937 3407 2348 3468 describenda.
2446 3408 2558 3468 Est

609 3510 788 3585 igitur
847 3511 1021 3569 etiam
1077 3511 1139 3568 in
1199 3510 1455 3570 editione
1512 3526 1646 3569 mea
1699 3511 1782 3569 ita
1825 3509 2162 3587 legendum.
2249 3509 2344 3569 De
2391 3510 2556 3589 ἔχειν

611 3628 742 3671 eum
771 3613 1049 3688 genetivo
1082 3610 1158 3671 ef.
1191 3630 1244 3672 e.
1276 3617 1344 3671 11
1385 3645 1466 3655 -
1500 3609 1977 3692 ἀσφαλέστερον
2022 3607 2217 3674 αὐτὸ
2262 3607 2556 3691 ποιήσειν

603 3737 714 3790 μοι
761 3718 934 3778 δοκῶ
966 3713 990 3794 ΙΙ
1022 3711 1265 3791 αὐτὸς
1311 3713 1380 3793 A,
1429 3711 1644 3778 ῼΓΒ.

439 3835 490 3877 e.
517 3822 574 3876 4.
607 3812 791 3881 Ἀλλὰ
821 3822 928 3880 καὶ
957 3814 1074 3880 τὸν
1117 3824 1337 3892 μῦθον
1378 3814 1663 3897 ἤκουσας
1694 3867 1707 3880 .
1741 3867 1754 3880 .
1792 3867 1830 3895 .,
1878 3812 1967 3890 ὡς
1999 3811 2140 3897 φής,
2173 3815 2329 3890 εἶδες
2362 3814 2383 3894 ΙΙ
2416 3816 2558 3877 Non

612 3918 812 3979 dubito
859 3921 1002 3994 quin
1046 3920 1196 3979 haee
1239 3919 1392 3979 male
1424 3921 1647 3980 inserta
1674 3920 1809 3997 sint,
1856 3919 1995 3994 quia
2022 3935 2308 3994 perquam
2338 3918 2558 3993 impor-

611 4026 811 4081 tunum
859 4026 969 4099 est,
1014 4023 1160 4082 talia
1205 4040 1483 4082 enarrare
1528 4021 1607 4081 ad
1649 4020 2108 4097 promovendam
2151 4037 2277 4080 rem
2316 4020 2558 4079 minime
