2750 4534
460 212 582 271 144
1349 214 1719 268 ΛΟΥΚΙΔΝΟΥ

455 387 588 449 τῶν
634 378 822 448 ὤτων
869 375 1356 471 ἀπηρτημένον.
1436 379 1559 468 ἐγώ
1607 380 1732 467 γὰρ
1780 380 2011 468 ἐπειδὴ
2060 381 2341 464 τάχιστα
2377 374 2607 461 ’ἐξετά-

459 483 586 564 ζων
631 482 713 551 τά
749 482 917 551 κατὰ
961 482 1080 551 τὸν
1107 488 1259 569 βίον
1303 485 1531 569 γελοῖα
1576 486 1687 550 καὶ
1718 482 2007 551 ταπεινὰ
2050 486 2162 550 καὶ
2196 477 2482 569 ἀβέβαια
2528 485 2607 549 τὰ

459 581 865 671 ἀνθρώπινα
925 586 1149 652 πάντα
1194 576 1528 670 εῧρισκον,
1604 585 1937 665 πλούτους
2004 588 2171 671 λε’γω
2239 589 2351 652 καὶ
2407 580 2610 673 ἀρχὰς

456 691 566 755 καὶ
615 689 1025 767 δυναστείας,
1074 686 1591 775 καταφρονήσας
1635 681 1855 753 αὐτῶν
1898 689 2009 753 καὶ
2046 686 2165 775 τὴν
2199 692 2359 772 περὶ
2402 691 2610 753 ταῦτα

460 789 760 875 σπουδὴν
844 788 1161 872 ἀσχολίαν
1229 792 1363 855 τῶν
1431 784 1709 876 ἀληθῶς
1790 789 2179 856 σπουδαίων
2250 786 2611 874 ὑπολαβὼν

460 886 860 959 ἀνακύπτειν
917 917 989 958 τε
1043 894 1155 959 καὶ
1201 890 1374 975 πρὸς
1433 890 1509 959 τὸ
1559 894 1699 958 πᾶν
1744 885 2151 976 ἀναβλέπειν
2197 887 2611 980 ἐπειρώμην·

458 1001 571 1061 καί
600 1020 718 1079 μοι
748 993 1045 1061 ἐνταῦθα
1077 993 1333 1085 πολλήν
1363 1020 1516 1060 τινα
1549 1007 1826 1079 παρεῖχε
1868 992 1987 1079 τὴν
2018 987 2315 1079 ἀπορίαν
2345 998 2699 1078 nodam-'156

457 1097 579 1179 μὲν
626 1090 827 1173 αὐτὸς
885 1090 1079 1173 οὗτος
1138 1092 1172 1163 ὃ
1220 1092 1356 1162 ὑπὸ
1416 1099 1550 1162 τῶν
1597 1100 1828 1182 σοφῶν
1883 1096 2285 1178 καλούμενος
2336 1096 2615 1180 κόσμος·

462 1191 537 1264 οὗ
568 1196 693 1282 γὰρ
739 1194 914 1279 εἶχον
959 1193 1171 1277 εὑρεῖν
1219 1190 1378 1264 οὔθ’
1430 1190 1621 1275 ὅπως
1666 1197 1920 1283 ἐγένετο
1967 1192 2121 1263 οὔτε
2150 1196 2266 1263 τὸν
2299 1197 2617 1283 δημιουρ-

460 1298 577 1385 γόν
609 1294 761 1365 οὔτε
789 1296 908 1385 τὴν
933 1293 1136 1385 ἀρχὴν
1169 1292 1326 1365 οὔθ’
1365 1291 1404 1365 3
1435 1325 1500 1365 τι
1531 1298 1606 1365 τὸ
1641 1301 1831 1377 τέλος
1862 1297 2045 1366 ἐστὶν
2080 1292 2301 1365 αὑτοῦ.
2376 1298 2618 1366 ἔπειτα

463 1401 535 1467 δὲ
579 1400 748 1467 κατὰ
790 1406 992 1488 μέρος
1039 1399 1431 1467 ἐπισκοπῶν
1477 1399 1649 1467 πολὺ
1698 1401 1953 1485 μᾶλλον
2002 1394 2286 1485 ἀπορεῖν
2330 1397 2618 1487 ἠναγκα-

463 1503 696 1593 ζόμην·
756 1503 910 1582 τούς
966 1529 1039 1570 τε
1081 1502 1208 1590 γὰρ
1273 1498 1559 1589 ἀστέρας
1604 1502 1831 1588 εώρων
1890 1498 1979 1581 ὥς
2026 1502 2207 1586 ἔτυχε
2250 1508 2370 1570 τοῦ
2418 1500 2619 1587 ούρα-

463 1610 576 1672 νοῦ
638 1606 1138 1694 διερριμμένους
1181 1608 1292 1673 καὶ
1335 1604 1455 1671 τὸν
1500 1598 1690 1694 ἥλιον
1734 1598 1939 1672 αὑτὸν
1994 1612 2063 1672 τί
2120 1630 2288 1673 ποτε
2346 1632 2431 1695 ην
2492 1633 2621 1691 αρα

465 1706 769 1775 ἐπόθουν
816 1706 1096 1774 εἰδέναι·
1142 1707 1440 1791 μάλιστα
1486 1708 1558 1773 δὲ
1588 1706 1672 1771 τὰ
1703 1706 1871 1773 κατὰ
1916 1706 2035 1793 τὴν
2068 1707 2343 1795 σελήνην
2390 1704 2620 1775 ατοπά

459 1834 580 1893 μοι
622 1812 732 1875 καὶ
780 1810 1126 1887 παντελῶς
1181 1808 1538 1893 παράδοξα
1581 1815 2052 1896 κατεφαίνετο,
2110 1812 2221 1877 καὶ
2277 1808 2355 1875 τὸ
2406 1813 2619 1876 πολυ-

465 1910 636 1988 ειδὲς
696 1903 898 1995 αὐτῆς
953 1914 1086 1976 τῶν
1145 1910 1501 1998 σχημάτων
1563 1904 1948 2039 ἀπόρρητόν
2004 1936 2156 1977 τινα
2212 1910 2331 1999 τὴν
2392 1911 2621 1979 αἰτίαν

465 2012 635 2096 έχειν
681 2006 1238 2096 ἐδοκίμαζον.ού
1270 2010 1401 2100 μὴν
1450 2006 1619 2079 ἀλλὰ
1664 2016 1775 2080 καὶ
1813 2007 2124 2102 ἀστραπὴ
2173 2012 2467 2100 διᾴξασα
2514 2018 2622 2080 καὶ

462 2113 703 2201 βροντὴ
762 2127 1251 2199 καταρραγεῖσα
1306 2118 1420 2182 καὶ
1478 2110 1669 2191 ὑετὸς
1727 2106 1767 2203 ἢ
1807 2112 1971 2196 χιών
2031 2104 2074 2203 ἢ
2114 2114 2371 2197 χάλαζα
2430 2141 2621 2181 κατε-

468 2222 783 2299 νεχθεῖσα
824 2219 936 2283 καὶ
965 2220 1177 2283 ταῦτα
1222 2217 1624 2283 δυσείκαστα
1670 2216 1894 2283 πάντα
1938 2220 2049 2284 καὶ
2096 2216 2480 2301 ἀτέκμαρτα
2523 2245 2619 2305 ην.

395 2329 434 2383 5
474 2326 531 2385 5.
581 2320 813 2385 ου’κοῦν
859 2319 1226 2407 ἐπειδήπερ
1274 2313 1446 2385 οῧτω
1494 2319 1825 2407 διεκείμην
1838 2370 1856 2399 ,
1917 2315 2191 2402 ἀριστον
2236 2316 2411 2386 εἶναι
2455 2316 2619 2387 ὑπε-

468 2420 804 2506 λάμβανον
870 2420 1058 2505 παρὰ
1133 2424 1266 2488 τῶν
1325 2421 1724 2509 φιλοσόφων
1782 2415 2033 2486 τούτων
2096 2424 2307 2487 ταῦτα
2374 2420 2619 2489 ἕκαστα

467 2524 818 2607 ἐκμαθεῖν·
878 2518 1065 2611 ᾤμην
1121 2522 1246 2609 γὰρ
1307 2523 1593 2601 ἐκείνους
1646 2548 1719 2609 γε
1764 2526 1993 2589 πᾶσαν
2048 2522 2217 2605 ἔχειν
2274 2512 2356 2588 ἀν
2401 2523 2618 2591 εἰπεῖν

463 2625 583 2714 τὴν
629 2620 980 2714 ἀλήθειαν.
1073 2619 1245 2691 οὕτω
1293 2623 1370 2713 δὴ
1418 2623 1573 2702 τοὺς
1620 2618 1933 2709 ἀρίστους
1978 2622 2457 2707 ἐπιλεξάμενος
2503 2622 2617 2692 αἰ·-

465 2732 627 2809 τιῦν,
688 2724 779 2805 ὡς
825 2726 974 2815 ἐνῆν
1017 2727 1484 2814 τεκμήρασθαι
1544 2725 1917 2811 προσώπου
1976 2751 2051 2793 τε
2095 2727 2619 2815 σκυθρωπότητι

467 2833 579 2896 καὶ
627 2830 829 2913 χρόας
892 2824 1213 2919 ὠχρότητι
1271 2832 1383 2895 καὶ
1440 2834 1693 2915 γενείου
1746 2828 2082 2917 βαθύτητι
2128 2866 2207 2877 --
2252 2828 2438 2911 μάλα
2495 2830 2615 2915 γὰρ

468 2928 811 3018 ὑψαγόραι
884 2932 1061 3010 τινὲς
1126 2935 1238 2999 καὶ
1306 2926 1880 3017 οὐρανογνώμονες
1949 2932 2014 2999 οἱ
2082 2926 2314 3014 ἄνδρες
2382 2927 2616 2999 αὐτίκα

467 3058 584 3117 μοι
657 3033 1126 3121 κατεφάνησαν
1201 3072 1282 3083 -
1355 3033 1620 3110 τούτοις
1694 3032 2061 3119 ἐγχειρίσας
2148 3032 2433 3116 ἐμαυτὸν
2504 3038 2613 3100 καὶ

469 3134 705 3217 συχνὸν
765 3134 1073 3222 ἀργύριον
1131 3134 1206 3202 τὸ
1253 3137 1374 3221 μὲν
1436 3129 1683 3202 αύτόθι
1740 3131 1863 3225 ἥδη
1922 3134 2348 3219 καταβαλών,
2406 3135 2483 3204 τὸ
2546 3137 2613 3202 δὲ

468 3236 782 3315 εἰσαῦθις
843 3232 1222 3305 ἀποδώσειν
1285 3238 1399 3307 ἐπὶ
1445 3240 1791 3326 κεφαλαίῳ
1843 3241 1960 3324 τῆς
2006 3243 2255 3325 σοφίας
2300 3238 2612 3321 διομολο-
2632 3254 2708 3301 757

464 3339 833 3429 γησάμενος
877 3334 1102 3426 ἠξίουν
1146 3342 1679 3428 μετεωρολέσχης
1720 3366 1794 3407 τε
1840 3339 2285 3413 διδάσκεσθαι
2341 3342 2452 3406 καὶ
2498 3341 2612 3428 τὴν

464 3447 597 3509 τιῦν
642 3436 817 3509 ὅλων
862 3443 1300 3532 διακόσμησιν
1345 3448 1787 3528 καταμαθεῖν.
1878 3442 1944 3509 οἱ
2004 3442 2075 3507 δὲ
2118 3445 2439 3508 τοσοῦτον
2486 3438 2611 3528 ἄρα

467 3544 742 3633 ἐδέησάν
772 3571 857 3629 με
885 3548 1003 3633 τῆς
1036 3547 1333 3622 παλαιᾶς
1357 3545 1605 3634 ἐκείνης
1634 3538 1976 3631 ἀγροικίας
2003 3537 2407 3628 ἀπαλλάξαι,
2442 3543 2610 3612 ὥστε

465 3651 576 3715 καὶ
635 3648 702 3725 ἐς
743 3648 1008 3733 μείζους
1065 3642 1358 3732 ἀπορίας
1418 3654 1733 3737 φέροντες
1791 3646 2102 3733 ἐνέβαλον
2164 3639 2369 3729 ἀρχάς
2430 3672 2611 3725 τινας

466 3752 576 3815 καὶ
621 3751 773 3836 τέλη
821 3754 930 3817 καὶ
966 3744 1257 3834 ἀτόμους
1299 3753 1412 3817 καὶ
1442 3748 1595 3817 κενὰ
1640 3752 1752 3816 καὶ
1783 3747 1943 3827 ὕλας
1988 3750 2094 3814 καὶ
2147 3746 2329 3825 ἰδέας
2373 3750 2482 3815 καὶ
2529 3750 2608 3814 τὰ

467 3855 745 3918 τοιαῦτα
801 3848 1129 3941 ὁσημέραι
1184 3879 1311 3938 μου
1369 3858 1815 3935 καταχέοντες.
1906 3850 1941 3917 ὃ
2004 3851 2074 3917 δὲ
2132 3850 2404 3917 πάντων
2466 3850 2609 3935 ἐμοὶ

463 3955 621 4037 γοῦν
668 3952 880 4020 ἐδόκει
935 3954 1443 4037 χαλεπώτατον,
1503 3946 1610 4021 ὅτι
1651 3952 1856 4042 μηδὲν
1910 3946 2142 4039 ἕτερος
2186 3956 2461 4039 θατέρῳ
2509 3954 2608 4020 λε’-
