2750 4534
165 2114 219 2157 ο.
249 2098 351 2156 25.

1126 259 1393 313 GALLUS.
2218 262 2340 320 259

392 434 505 515 τῆς
535 432 671 513 ἅγν.
710 431 733 513 ΙΙ
764 446 903 509 τοῖς
934 430 1030 511 ἀγ.
1059 434 1113 492 Α
1137 465 1218 476 --
1250 432 1606 507 ἑπομένους
1640 429 1662 513 ΙΙ
1695 434 2172 512 ἐποχουμὲνους
2195 435 2344 511 UpS.

392 570 477 581 ——
520 534 787 615 α’γνοίας
819 532 845 617 fl
876 532 1101 611 α’νοίας
1140 530 1279 594 ΩΦ
1322 531 1550 611 α’νοίας
1595 535 1732 596 add.
1764 559 1803 613 γ
1833 530 1883 593 Γ
1915 532 2146 612 ἅνίαςῖ
2195 537 2334 613 UpS.

392 674 476 684 —
505 643 987 716 συνεγίνωσκον
1020 634 1043 719 ΙΙ
1078 642 1599 716 συνεγίγνωσκον
1631 634 1698 697 Φ
1729 670 1812 685 -—·
1841 633 2102 713 τούτοις
2134 634 2158 719 ΙΙ
2191 638 2344 702 ἐκεί-

390 764 530 818 νοις
574 735 916 817 ΩΓΦΠΡΒ.
973 775 1046 785 -
1089 748 1433 815 κολοσσοῖς
1466 736 1489 821 ΙΙ
1521 746 1868 815 κολασσοῖς
1903 742 1958 801 Α
2001 774 2082 785 --—
2130 740 2344 820 ἐποίη-

390 860 512 907 σαν
556 839 579 923 ΙΙ
626 843 921 921 ἐποίησεν
978 836 1319 919 ΩΓΦΠΡΒ.
1366 842 1444 917 (Ρ)
1502 878 1588 889 --
1643 838 1962 905 κάκείνων
2007 838 2030 922 ΙΙ
2075 842 2338 905 ἐκείνων

389 939 731 1022 ΩΓΦΠΡΒ.
776 976 863 987 -
908 942 1175 1019 ἕκαστος
1218 944 1542 1019 ἔκτοσθεν
1583 939 1604 1025 ΙΙ
1645 940 1722 1007 τὰ
1775 942 1958 1020 ἐκτὸς
2002 937 2340 1021 ΩΓΦΠΡΒ.

388 1081 473 1093 -
515 1048 633 1121 μὲν
676 1042 696 1127 ΙΙ
738 1041 775 1108 ὃ
818 1048 937 1121 μὲν
980 1038 1323 1122 ΩΓΦΠΡΒ.
1370 1077 1454 1089 -—
1499 1068 1596 1120 τις
1637 1042 1656 1124 ΙΙ
1700 1063 1817 1105 om.
1871 1039 2212 1121 Ql‘chps.
2260 1078 2342 1089 —

390 1144 722 1226 πάγκαλος
746 1143 767 1229 ΙΙ
798 1144 1171 1225 πάγκαλλος
1200 1141 1269 1208 Ω
1293 1180 1375 1191 —-
1401 1148 1650 1211 ἐκείνου
1680 1143 1701 1229 ΙΙ
1730 1165 1845 1207 om.
1877 1141 2166 1225 QspUps.
2198 1146 2336 1207 add.

391 1243 443 1307 Γ
490 1282 568 1293 —
616 1250 749 1329 ἴδης
792 1244 813 1329 ΙΙ
855 1249 1016 1324 ἴδοις
1063 1251 1207 1325 Ups.
1267 1281 1348 1292 -—·
1401 1254 1675 1330 χρυσίου
1721 1246 1740 1330 ΙΙ
1775 1255 2029 1329 χρυσοῦ
2073 1244 2142 1308 Ω
2182 1268 2340 1329 χρυ-

394 1346 723 1431 σαργύρου
770 1351 1065 1430 (χρυσίου
1096 1345 1502 1432 α’ργύρουῗῗ)
1549 1351 1696 1427 Πρε.
1743 1334 1940 1413 -’ἐν
1969 1376 2020 1415 τ.
2057 1354 2107 1414 δ.
2156 1346 2176 1432 ΙΙ
2218 1368 2336 1411 om.

389 1452 457 1515 ἐν
488 1452 692 1529 AUps.
737 1484 821 1495 --
865 1458 944 1531 τῇ
976 1455 1148 1533 δεξιᾷ
1188 1449 1209 1531 ss
1252 1460 1352 1533 τῆι
1384 1442 1581 1529 δεξιᾶι
1610 1447 1676 1510 Φ
1723 1484 1806 1499 —
1847 1450 1919 1530 γ’
1951 1451 2140 1516 ἔνδον
2180 1447 2205 1533 ΙΙ
2245 1452 2341 1515 ἒν·-

388 1558 582 1619 δοθεν
614 1547 899 1630 ΩΦΠΡΒ.
934 1554 1159 1616 ἔνδοθε
1189 1548 1238 1610 Γ
1272 1586 1349 1597 -
1386 1556 2051 1635 διαπεπερονημένους
2095 1550 2114 1634 ΙΙ
2155 1577 2340 1617 πεπε-

387 1656 789 1735 ρονημένους
816 1647 1089 1732 ΩΙἮΡΒ.
1122 1656 1701 1735 πεπερωνημένους
1732 1652 1799 1715 Φ
1827 1690 1904 1699 —-
1937 1660 2045 1719 καὶ
2075 1652 2286 1735 πηλὸν
2318 1653 2340 1740 ΕΙ

388 1752 733 1836 ὕπόπηλον
779 1774 894 1816 om.
942 1760 1048 1819 καὶ
1092 1750 1436 1833 ΩΓΦΠΡΒ.
1494 1789 1569 1799 -
1629 1745 1884 1837 πολλήν
1936 1780 2081 1819 τινα
2124 1753 2338 1820 τοιαύ-

384 1882 502 1938 την
544 1854 563 1939 ΙΙ
604 1881 847 1923 τοιαυτ.
896 1882 1042 1922 τινα
1086 1882 1149 1923 π.
1198 1852 1542 1935 ΩΓΦΠΡΒ.
1589 1892 1669 1903 --
1725 1864 2041 1937 μυγαλῶν
2081 1854 2100 1940 ss
2141 1882 2340 1938 μυγα-

383 1966 553 2023 λεῶν
598 1955 735 2021 ΩΦ

386 2095 634 2175 ἔφησθα
689 2093 709 2179 ΙΙ
769 2097 923 2178 ἔφης
981 2098 1036 2156 Α
1106 2130 1176 2141 —-
1231 2094 1517 2175 μοχλοὺς
1569 2102 1676 2160 καὶ
1732 2093 1925 2176 γόμφ.
1975 2093 1994 2177 ΙΙ
2035 2122 2086 2176 γ.
2151 2122 2204 2161 κ.
2266 2122 2327 2173 μ.

375 2191 721 2275 ,ΩΓΦΠΡΒ.
746 2232 828 2243 —-
854 2188 1087 2273 οἵτινες
1116 2194 1136 2277 ΙΙ
1165 2200 1400 2272 οἵτινες
1423 2198 1549 2260 εἶεν
1572 2192 1763 2257 ΩΓΦ
1789 2200 2010 2274 εἶ’τινες
2033 2199 2159 2262 εἶεν
2183 2200 2330 2275 ΠΡΒ.

378 2330 459 2341 --
505 2293 641 2377 ἥτις
746 2298 807 2359 εἴ
850 2321 947 2371 τις
991 2297 1046 2354 Α
1104 2330 1186 2339 -
1247 2296 1452 2358 ἔοικεν
1507 2294 1718 2372 ὅντως
1757 2295 1778 2379 fl
1823 2299 2097 2362 ἐοικέναι
2154 2295 2235 2361 σὺ
2278 2299 2332 2357 Α

382 2400 586 2462 ἔοικεν
632 2391 828 2472 οὗτος
872 2392 1009 2456 ΩΦ
1050 2415 1142 2475 pr.
1174 2396 1339 2460 ἔοικε
1384 2393 1597 2473 οὕτως
1626 2393 1677 2456 Γ
1722 2398 1929 2461 ἔοικεν
1975 2395 2150 2463 οὕτω
2183 2401 2329 2477 UpS.

380 2532 461 2543 --
518 2506 613 2583 τῷ
672 2506 809 2562 κολ.
870 2494 888 2579 ss
945 2516 1059 2558 om.
1113 2504 1207 2581 τῷ
1264 2492 1553 2575 ΩΦΠΡΒ.
1611 2530 1696 2541 -
1753 2496 1826 2561 σὺ
1883 2502 1948 2562 δὲ
2005 2496 2084 2563 τὰ
2141 2498 2329 2564 ἔνδον

376 2598 491 2682 ἤδη
533 2598 553 2685 fl
599 2597 682 2663 σὺ
740 2603 805 2664 δὲ
861 2605 968 2662 καὶ
1024 2596 1103 2664 τὰ
1152 2601 1196 2664 ἐ.
1247 2596 1363 2680 ἤδη
1409 2594 1477 2657 Ω
1535 2632 1619 2643 -
1676 2608 1798 2665 τοῦ
1843 2610 1979 2666 κολ.
2040 2597 2060 2679 ΙΙ
2113 2606 2222 2664 καὶ
2271 2627 2324 2666 τ.

378 2726 433 2767 κ.
497 2699 562 2762 Φ
622 2735 703 2746 --
764 2702 1165 2783 ἐκστρατείας
1231 2700 1250 2785 ΙΙ
1315 2702 1688 2782 ἐκστρατιᾶς
1741 2722 1833 2781 pr.
1893 2700 1960 2761 Φ
2026 2736 2107 2747 -
2174 2700 2334 2768 ἄλλ’

380 2798 629 2885 ἀνάγκη
681 2799 700 2885 ΙΙ
757 2801 923 2868 α’λλὰ
968 2801 1067 2869 α’ν.
1116 2797 1239 2863 ΩΓ
1296 2836 1380 2846 -
1441 2802 1600 2865 εἴπω
1647 2820 1748 2868 σοι
1805 2804 1822 2883 i}
1873 2822 1986 2865 om.
2036 2824 2137 2868 σοι
2183 2805 2330 2881 Ups.

378 2936 459 2948 --
505 2910 614 2968 καὶ
657 2902 945 2983 ὑποψίας
988 2902 1008 2987 ΙΙ
1050 2929 1104 2969 κ.
1139 2902 1254 2981 τὰς
1300 2901 1504 2983 ἱποψ.
1538 2906 1679 2981 Ups,
1736 2937 1808 2948 —
1846 2910 2331 2969 διασκοπεῖσθαι

380 3069 402 3155 fl
430 3077 802 3136 διασκοπεῖν
836 3069 1121 3149 ΩΦῙΙΡΒ.
1160 3017 1530 3137 διασκοζιζῗν
1561 3068 1610 3131 Γ
1641 3109 1726 3119 —
1757 3074 2066 3152 ἐγγίνεται
2108 3071 2128 3155 ΙΙ
2171 3075 2330 3152 ἐγγί-

376 3198 591 3253 γνεται
620 3169 836 3251 (PUps.
882 3207 964 3218 —
1011 3169 1323 3237 ἁπάντων
1366 3171 1388 3257 fl
1430 3172 1698 3239 πάντων
1728 3170 2014 3253 ΩΦΠΡΒ.
2054 3173 2322 3239 πάντων

376 3294 678 3354 suprascr.
726 3299 767 3338 α
812 3271 861 3335 Γ
908 3310 991 3319 -
1034 3272 1073 3337 ὁ
1118 3271 1262 3352 υἱὸς
1308 3273 1327 3357 ΙΙ
1369 3295 1486 3337 om.
1533 3273 1570 3340 ὃ
1600 3272 1889 3355 ΩΦΠΡΒ.
1934 3295 2236 3355 suprascr.
2284 3274 2320 3339 ὁ

376 3372 426 3435 Γ
471 3411 554 3423 -—
602 3374 767 3459 πρὸς
812 3372 928 3453 οὓς
970 3374 991 3459 ΙΙ
1034 3395 1150 3439 om.
1202 3371 1492 3457 chUps.
1539 3380 1600 3439 in
1647 3398 1838 3455 marg.
1882 3373 1934 3437 Γ
1980 3414 2059 3422 —-
2105 3387 2320 3460 Συρα-

374 3486 662 3544 κουσίων
706 3478 725 3563 ΙΙ
780 3486 1297 3561 Σκυρρακουσίων
1344 3481 1550 3558 AUps.
1595 3488 2068 3562 Συρρακοσίων
2126 3477 2192 3540 Φ
2237 3513 2318 3524 -

374 3577 538 3645 ἀλλὰ
583 3579 848 3645 κάκεῖνα
888 3630 908 3649 .
956 3632 970 3647 .
1013 3628 1039 3652 .
1087 3585 1417 3663 διαψιθυρ.
1468 3579 1488 3664 ΙΙ
1529 3600 1644 3642 om.
1690 3577 2002 3660 QspUps„
2053 3584 2116 3643 in
2159 3601 2310 3642 mar·

372 3682 515 3759 gine
569 3683 711 3743 add.
756 3679 807 3743 Γ
865 3717 950 3729 -
1006 3678 1279 3760 μάλιστα
1338 3680 1495 3760 τοὺς
1557 3689 1791 3762 φίλους
1835 3682 1854 3765 ΙΙ
1897 3708 1948 3749 τ.
2018 3706 2083 3761 φ.
2142 3708 2202 3759 μ.
2253 3679 2320 3743 Ω

370 3778 646 3859 μάλιστα
692 3802 808 3844 om.
838 3780 905 3844 Φ
939 3818 1019 3829 --
1051 3785 1327 3863 ἐλπίζειν
1368 3782 1543 3865 ἥξειν
1587 3780 1608 3865 ss
1649 3781 1742 3862 ἕξ.
1793 3786 1928 3849 ἐλπ.
1978 3780 2318 3861 ΩΓΦΠΡΒ.

370 3919 456 3931 —-
504 3882 540 3949 ὃ
582 3888 699 3960 μὲν
744 3892 907 3962 γοῦν
1014 3881 1137 3963 ἐγὼ
1201 3894 1365 3963 γοῦν
1410 3882 1694 3964 (Nmpe.
1741 3883 1778 3950 ὃ
1822 3890 1942 3962 μὲν
1997 3888 2058 3946 in
2103 3905 2222 3948 ras.
2269 3882 2319 3944 Γ

372 4020 453 4033 --
512 3984 834 4049 ἀπέθανεν
876 3981 895 4064 ΙΙ
940 3983 1274 4049 ἀπέθανον
1333 3982 1552 4064 QUps.
1615 4020 1697 4031 —
1753 3983 1871 4051 τὸν
1929 3990 1994 4050 δὲ
2053 3984 2257 4051 ἄλλον
2300 3984 2320 4066 i}

1915 4086 2011 4137 Π*
