2750 4534
1060 974 1427 1043 AMORES.

559 1268 744 1330 codd.
778 1263 984 1329 Marc.
1020 1262 1095 1326 Ω
1279 1267 1410 1327 Vat.
1458 1264 1519 1335 Ἃ
1540 1266 1607 1326 Γ
1768 1268 1944 1328 Harl.

161 1472 217 1513 e.
251 1460 314 1514 1.·
344 1450 502 1518 ὥστ’
545 1452 773 1532 ὀλίγου
818 1458 952 1517 δεῖν
985 1451 1456 1534 Ἀριστείδης
1502 1448 1885 1533 ἐνόμιζον
1932 1453 2144 1516 εἶναι
2189 1466 2331 1529 τοῖς

336 1564 765 1637 Μιλησιακοῖς
820 1550 1041 1633 λόγοις
1106 1550 1672 1635 ὑπερκηλούμενος
1703 1550 1726 1635 ΙΙ
1762 1553 1813 1619 Ἄ
1842 1579 1881 1635 ρ
1904 1580 1929 1618 ι
1951 1571 1990 1617 σ
2011 1580 2049 1617 τ
2072 1579 2099 1617 ε
2124 1562 2147 1617 ί
2168 1559 2207 1618 ὅ
2226 1580 2264 1636 η
2289 1580 2329 1619 ν

336 1677 375 1721 σ
394 1655 408 1678 ’
455 1652 754 1737 ἐνόμιζον
801 1656 984 1720 εἶναι.
1073 1654 1170 1717 Sie
1227 1658 1445 1734 optime
1504 1654 1709 1717 Cobet.
1807 1665 1911 1731 „ut
1951 1657 2329 1719 Milesiarum

327 1760 696 1835 fabular-mn
746 1767 1056 1821 venustate
1095 1776 1320 1820 summo
1375 1776 1563 1834 opere
1618 1760 1953 1821 delectatus·
2007 1762 2331 1821 Aristidem

331 1870 397 1923 te
462 1879 591 1924 esse
645 1869 934 1937 putarem
954 1863 1007 1921 “.
1121 1860 1411 1921 Aristides
1479 1861 1900 1922 celeberrimus
1966 1863 2331 1923 Milesiarum

328 1964 670 2025 fabularum
728 1969 950 2025 auetor-
973 1953 982 1963 ’
1007 1998 1090 2009 —-
1148 1963 1249 2040 οἷς
1306 1960 1555 2040 πλατὺς
1616 1986 1644 2027 ε
1662 1961 1701 2027 ἱ
1720 1967 1959 2045 ρέθης
2023 1962 2268 2043 σκοπὸς
2310 1964 2328 2047 1¹3

329 2064 420 2131 εὖ
441 2069 630 2148 own
661 2061 730 2129 Γ.
764 2066 943 2129 Harl.
990 2066 1080 2145 (τ)
1111 2068 1247 2127 Non
1276 2068 1560 2144 intellego
1590 2067 1743 2128 haee
1772 2085 1966 2143 neque
1998 2070 2143 2128 satis
2189 2069 2333 2128 mihi

334 2171 612 2247 persuasi
682 2188 792 2246 pro
862 2166 1107 2245 σκοπὸς
1174 2168 1491 2245 legendum
1558 2187 1691 2230 esse
1758 2164 1993 2246 τίποςε
2070 2170 2332 2246 „quibus

337 2273 669 2333 latissimus
710 2272 1016 2332 narrandi
1059 2274 1228 2333 locus
1271 2273 1550 2333 inventus
1594 2280 1695 2333 est.
1704 2275 1744 2302 “
1818 2272 1913 2332 De
1956 2269 2187 2353 εὑρέθη
2217 2292 2328 2350 pro

341 2370 614 2454 εὑρέθης
636 2392 754 2433 non
784 2373 1005 2433 dubito·
1030 2406 1112 2417 —
1137 2377 1206 2436 εἰ
1231 2369 1568 2453 περιττά
1596 2395 1685 2449 με
1717 2374 1985 2452 λέγειν
2016 2374 2289 2452 ἔοικας
2312 2374 2330 2456 ss

339 2476 434 2552 st)
479 2471 670 2556 εἰμὴ
727 2472 989 2556 περιττὰ
1046 2477 1311 2554 λέγειν
1357 2475 1583 2538 ἔοικα
1626 2474 1792 2536 det.
1879 2476 1995 2541 vix
2040 2481 2131 2537 est
2168 2478 2329 2553 quod

347 2596 637 2656 moneam,
669 2580 1164 2639 constructionem
1184 2578 1357 2637 huius
1388 2578 1559 2638 verbi
1590 2577 1801 2653 ἔοικας
1825 2596 1957 2637 eum
1986 2581 2328 2640 accusativo

343 2684 408 2741 et
437 2680 724 2741 infinitivo
752 2680 898 2741 ferri
923 2698 1042 2741 non
1071 2698 1270 2759 posse,
1317 2680 1701 2755 quamobrem
1731 2680 1871 2739 mihi
1912 2681 2149 2757 quidem
2180 2682 2331 2742 haee

343 2782 534 2842 verba
579 2787 678 2842 aut
721 2782 975 2843 delenda
1017 2782 1323 2859 videntur,
1371 2782 1525 2859 quod
1574 2782 1907 2861 abundant,
1946 2766 2084 2861 aut,
2129 2801 2331 2860 quem-

345 2884 658 2945 admodum
695 2887 1080 2962 grammatiea
1107 2886 1385 2963 postulat,
1431 2904 1540 2961 pro
1572 2887 1910 2946 accusativo
1938 2888 2330 2947 nominativus

342 3005 480 3047 oum
523 2986 812 3048 infinitivo
859 2992 950 3048 est
991 2986 1405 3050 restituendus.

517 3090 843 3150 Praeterea
885 3093 1081 3150 autem
1123 3091 1324 3166 placet
1360 3108 1490 3149 eum
1522 3090 1787 3150 Mamilio
1815 3109 1924 3167 pro
1953 3113 1999 3166 μ
2015 3114 2043 3153 ε
2071 3091 2334 3153 seribere

343 3187 443 3271 μή
487 3194 649 3264 „nisi
683 3191 856 3267 forte
896 3194 1213 3267 superflua
1245 3193 1455 3254 dicere
1496 3192 1725 3265 videor,
1766 3210 1886 3267 per
1916 3195 2111 3267 ipsam
2153 3194 2336 3257 Vene-

348 3312 476 3354 rem
533 3302 592 3355 te
649 3294 897 3356 obsecro
913 3340 932 3366 ,
989 3301 1059 3355 ut
1095 3296 1345 3369 placide
1396 3312 1666 3355 amorum
1710 3303 1947 3356 tuorum
1988 3298 2333 3357 memoriam

345 3399 651 3457 recolaS.“
737 3396 948 3455 Mirum
1005 3400 1200 3457 autem
1253 3396 1411 3471 quod
1454 3395 1658 3456 Dindf.
1713 3400 1773 3456 et
1827 3396 2020 3456 Bekk.
2079 3396 2155 3455 ab
2212 3415 2335 3456 om·

347 3500 508 3557 nium
554 3498 821 3558 codicum
866 3500 1212 3558 auctoritate
1255 3482 1479 3557 tantum
1526 3498 1982 3577 aberraverunt,
2027 3503 2091 3558 ut
2134 3495 2176 3561 ‘1‘2
2190 3522 2236 3561 π
2251 3502 2278 3561 ὲ
2293 3523 2332 3579 ρ

347 3592 423 3679 ἧς
467 3594 657 3662 τάδε
702 3602 965 3678 λέγειν
1012 3600 1294 3675 ἔοικας
1338 3600 1686 3659 seriberent.

355 3764 574 3819 Codicis
609 3764 894 3819 Harleiani
939 3764 1205 3819 lectiones
1251 3766 1341 3818 vir
1383 3763 1832 3831 generosissimus
1868 3762 1990 3818 Nils
2024 3764 2075 3818 N
2078 3764 2187 3818 ilen
2223 3781 2333 3833 qua

187 3852 266 3902 est
288 3850 508 3919 egregia
538 3851 919 3905 benevolentia
943 3850 1076 3904 mihi
1101 3850 1491 3919 suppeditavit,
1528 3853 1815 3918 postquam
1841 3854 2147 3904 ceterorum
2184 3850 2336 3905 codi-

190 3946 300 3988 cum
321 3978 334 4002 ‚
372 3951 509 4004 quos
545 3936 603 3989 in
637 3952 797 3990 usum
830 3952 1013 3990 meum
1048 3951 1386 4003 paraveram,
1424 3936 1685 3990 lectiones
1715 3934 1833 4003 jam
1867 3940 2026 3990 erant
2060 3935 2205 4005 typis
2241 3951 2337 3989 ex·

191 4032 396 4075 cassae.

282 4107 454 4149 Lueian
480 4106 540 4150 11.
569 4107 609 4149 2.
1964 4111 2023 4159 11
