2750 4534
1041 268 1341 322 ΕΙΚΟΝΕΣ.
2184 264 2263 324 37

137 448 284 566 μίαν
349 433 578 527 ὥσπερ
637 438 714 506 σὺ
775 438 843 505 ἐκ
899 439 1167 505 πολλῶν
1224 440 1500 514 συνθεὶς
1559 434 1893 512 ἐπιδεῖξαι
1950 435 2268 519 διέγνωκα

137 579 210 588 -
235 535 430 628 ἦττον
459 541 583 670 γὰρ
616 539 740 628 [δὴ]
773 543 992 622 τοῦτο,
1035 541 1147 605 καὶ
1188 563 1530 626 γραφικως
1562 539 2016 616 συντελεσθὲν,
2061 536 2267 622 κάλλη

136 647 412 710 τοσαῦτα
455 646 566 711 καὶ
609 643 963 720 πολυειδές
1005 667 1072 708 τι
1117 640 1186 708 ἐκ
1227 643 1499 708 πολλῶν
1546 633 1897 708 ἀποτελεῖν
1944 632 2101 704 αὐτὸ
2152 634 2271 703 αὗ-

135 749 219 831 τῴ
263 739 856 830 ἀνθαμιλλώμενον
901 781 987 790 -
1032 737 1180 808 ἀλλ’
1232 744 1304 809 αἱ
1349 746 1571 809 πᾶσαι
1613 738 1781 808 καθ’
1830 739 2109 827 ἑκάστην
2151 743 2269 824 τῆς

137 852 333 936 ψυχῆς
379 842 610 933 ἀρεταὶ
672 845 864 913 εἰκῶν
919 851 1044 930 μία
1096 844 1506 931 γεγράψεται
1564 846 1736 930 πρὸς
1777 841 1853 909 τὸ
1902 835 2271 928 ἀρχέτυπον

138 955 562 1037 μεμιμημένη·

288 1058 509 1117 AYK.
565 1043 845 1138 Ἑορτήν,
893 1035 947 1114 ὦ
977 1046 1432 1136 Πολύστρατε,
1477 1049 1588 1114 καὶ
1620 1041 2090 1113 πανδαισίαν’
2064 1067 2271 1126 επαγ-

134 1154 387 1238 γέλλεις.
464 1151 686 1230 ἔοικας
729 1155 884 1237 γοῦν
917 1149 1117 1217 λώιον
1160 1146 1250 1228 ὥς
1295 1144 1572 1236 άληθῶς
1616 1141 2001 1215 ἀποδώσειν
2044 1170 2161 1229 μοι
2190 1142 2267 1209 τὸ
2382 1226 2389 1234 ,

135 1259 376 1339 μέτρον.
470 1254 816 1338 ἐπιμέτρει
874 1247 931 1318 δ
998 1239 1143 1319 οὖν·
1203 1250 1296 1330 ῶς
1353 1247 1469 1318 οὐκ
1528 1252 1707 1321 ἐστιν
1765 1244 1805 1318 ό
1846 1276 1911 1315 τι
1972 1275 2051 1314 αν
2108 1242 2271 1311 ἄλλο

138 1357 415 1443 ποιήσας
460 1359 714 1441 μᾶλλον
754 1354 1070 1442 χαρίσαιό
1116 1380 1256 1440 μοι.

294 1464 390 1525 16.
439 1462 676 1525 ΠΟΛ.
777 1451 1028 1526 Οὐκοῦν
1075 1456 1308 1544 ἐπειδὴ
1355 1454 1630 1522 πάντων
1674 1456 1892 1520 καλῶν
1952 1453 2272 1520 παιδείαν
2306 1460 2377 1515 16

55 1573 122 1622 475
138 1555 436 1646 ἡγεῖσθαι
501 1555 778 1649 ἀνάγκη,
837 1563 948 1628 καὶ
1005 1559 1301 1643 μάλιστα
1359 1558 1614 1625 τούτων
1657 1553 1886 1624 ὁπόσα
1928 1554 2273 1642 μελετητά,

138 1670 286 1747 φέρε
325 1667 437 1730 καὶ
488 1663 730 1751 ταύτην
778 1658 899 1749 ἤδη
948 1661 1473 1750 συστησώμεθα,
1532 1660 1845 1746 ποικίλην
1887 1662 2118 1742 μέντοι
2160 1659 2274 1724 καὶ

137 1763 579 1851 πολύμορφον,
627 1761 720 1842 ῶς
758 1765 926 1852 μηδὲ
969 1762 1136 1830 κατὰ
1180 1765 1380 1829 τοῦτο
1426 1757 1950 1844 ἀπολιποίμεθα
1992 1763 2110 1846 τῆς
2155 1762 2276 1845 σῆς

137 1867 504 1955 πλαστικῆς.
600 1869 708 1933 καὶ
768 1866 846 1955 δή
904 1865 1273 1954 γεγράφθω
1329 1863 1556 1931 πάντα
1621 1863 1987 1952 συλλήβδην
2051 1861 2136 1926 τὰ
2205 1859 2275 1926 ἔκ

136 1971 239 2033 τοῦ
274 1965 619 2047 Ἑλικῶνος
679 1964 908 2055 ἀγαθὰ
967 1967 1206 2050 ἔχουσα
1265 1962 1382 2050 οὐχ
1439 1959 1670 2053 ὥσπερ
1714 1962 1753 2055 ἡ
1804 1964 2023 2032 Κλειώ
2074 1967 2186 2031 καὶ
2234 1958 2271 2046 ἦ

138 2070 476 2155 Πολύμνια
505 2074 615 2138 καὶ
645 2068 684 2158 ἡ
719 2071 1076 2160 Καλλιόπη
1108 2074 1220 2139 καὶ
1253 2071 1324 2136 αἱ
1369 2065 1567 2137 ἄλλαι
1614 2069 1683 2136 ἓν
1723 2095 1793 2136 τι
1836 2067 2074 2155 ἑκάστη
2124 2067 2277 2136 ἐπι-

139 2179 440 2263 σταμένη,
513 2167 682 2239 ἀλλὰ
743 2171 872 2261 [τὰ]
931 2177 1169 2240 πασῶν
1225 2176 1338 2240 καὶ
1396 2176 1681 2257 προσέτι
1739 2169 1823 2236 τὰ
1874 2167 2109 2255 Ἑρμοῦ
2165 2173 2276 2238 καὶ

132 2264 570 2353 Ἀπόλλωνος·
612 2271 842 2341 ὁπόσα
869 2273 996 2360 γὰρ
1026 2266 1068 2360 ἢ
1099 2277 1380 2363 ποιηταὶ
1410 2279 1680 2358 μέτροις
1712 2271 2276 2361 διακοσμήσαντες

141 2401 172 2459 η
216 2375 479 2506 ῥήτορες
537 2377 870 2465 δεινότητι
911 2376 1346 2462 κρατύναντες
1405 2365 1948 2464 ἐξενηνόχασιν
1904 2402 1945 2465 η
1994 2398 2274 2461 συγγρα-

131 2491 274 2604 φεῑς
317 2473 748 2565 ἱστορήκασιν
791 2469 833 2568 ἢ
880 2478 1252 2568 φιλόσοφοι
1293 2483 1741 2566 παρῃνέκασι,
1796 2481 1971 2544 πᾶσι
2013 2477 2277 2554 τούτοις

139 2573 171 2664 ἦ
213 2578 398 2648 εἰκῶν
452 2581 925 2668 κεκοσμήσθω,
987 2575 1106 2647 ούκ
1149 2577 1299 2666 ἄχρι
1342 2585 1462 2648 τοῦ
1506 2580 2004 2663 επικεχρῶσθαι
2048 2578 2273 2662 μόνον,

141 2674 271 2744 ιἰλλ>
308 2707 374 2762 ες
404 2681 632 2767 βάθος
677 2683 1106 2761 δευσοποιοῖς
1133 2707 1272 2750 τισι
1320 2681 1700 2772 φαρμάκοις
1744 2680 1811 2760 ἐς
1838 2681 2035 2767 κόρον
2070 2705 2275 2746 κατα-

137 2785 436 2869 βαφεῖσα.
525 2786 638 2852 καὶ
695 2784 1073 2873 συγγνώμη,
1135 2785 1195 2851 εἰ
1248 2785 1454 2873 μηδὲν
1513 2778 1882 2870 ἀρχέτυπον
1940 2781 2275 2861 ἐπιδεῖξαι

138 2885 358 2973 ταύτης
419 2887 742 2974 δυναίμην
800 2891 918 2976 τῆς
970 2891 1261 2975 γραφῆς·
1325 2881 1401 2953 οὗ
1458 2885 1583 2972 γὰρ
1642 2878 1797 2954 ἔσθ’
1857 2884 1899 2954 δ’
1939 2911 2009 2953 τι
2051 2889 2275 2952 τοιοῦ-

59 2994 242 3052 476τον
305 2987 372 3054 ἐν
441 3001 585 3067 τοῖς
641 2990 860 3056 πάλαι
916 2990 1234 3067 παιδείας
1289 2994 1449 3076 πέρι
1514 2982 2010 3077 μνημονεύεται.
2102 2987 2277 3076 πλὴν

138 3079 320 3171 ἄλλά,
370 3089 439 3157 εἴ
477 3114 551 3175 γε
595 3091 804 3173 δοκεῖ,
853 3085 1240 3158 ἀνακείσθω
1284 3095 1396 3159 καὶ
1444 3084 1643 3178 αὕτη·
1696 3085 1771 3157 οὗ
1817 3087 2085 3179 μεμπτή
2128 3088 2275 3174 γάρ,

138 3183 216 3265 ὦς
257 3189 404 3273 ἐμοὶ
453 3198 791 3279 φαίνεται.

290 3299 512 3361 ΛΥΚ.
571 3295 945 3384 Καλλίστη
991 3295 1112 3380 μὲν
1158 3280 1334 3376 [ουν],
1382 3280 1435 3360 ῶ
1478 3294 1931 3379 Πολύστρατε,
1982 3296 2091 3360 καὶ
2138 3293 2276 3358 πά·-

140 3413 274 3471 σαις
317 3409 469 3475 ταῖς
511 3410 847 3482 γραμμαῖς
890 3391 1427 3486 ἀπηκριβωμένη.

295 3504 394 3564 17.
441 3501 677 3566 ΠΟΛ.
737 3497 939 3565 Μετὰ
985 3499 1058 3565 δὲ
1103 3499 1346 3586 ταύτην
1391 3527 1431 3587 η
1476 3503 1594 3588 τῆς
1639 3505 1888 3586 σοφίας
1930 3499 2042 3563 καὶ
2088 3499 2275 3561 συνέ-
2312 3507 2377 3562 1¹2

143 3615 294 3676 σεως
349 3599 544 3667 εἰκών
604 3605 928 3688 γραπτέα.
1018 3600 1242 3688 δεήσει
1298 3602 1371 3668 δὲ
1428 3597 1588 3690 ἡμῖν
1650 3599 1944 3666 ἐνταῦθα
2004 3599 2275 3664 πολλῶν

141 3700 258 3762 τῶν
312 3701 909 3788 παραδειγμάτων,
980 3696 1272 3789 ἀρχαίων
1325 3707 1460 3769 τῶν
1518 3704 1883 3782 πλείστων,
1944 3699 2090 3778 ενὸς
2154 3700 2276 3783 μὲν

142 3801 238 3864 καὶ
302 3797 505 3870 αὐτοῦ
563 3797 885 3872 Ἰωνικοῦ·
950 3818 1234 3893 γραφεῖς
1301 3805 1372 3871 δὲ
1438 3807 1548 3871 καὶ
1616 3804 2003 3890 δημιουργοὶ
2072 3797 2277 3870 αὐτοῦ

144 3900 455 3993 Αἰσχίνης
500 3906 891 3990 Σωκράτους
935 3905 1198 3990 ἑταῖρος
1240 3911 1350 3974 καὶ
1402 3902 1599 3984 αὐτὸς
1644 3905 2022 3993 Σωκράτης,
2068 3931 2277 3994 μιμη-

147 4001 400 4074 λότατοι
455 4011 768 4091 τεχνιτῶν
827 4005 1177 4091 ἁπάντων,
1237 4001 1376 4096 ὅσῳ
1434 4013 1545 4076 καὶ
1590 4001 1739 4093 μετ’
1792 4007 2039 4094 ἔρωτος
2084 4007 2277 4095 ἔγρα-
