2750 4534
893 252 1064 305 rum·
1097 251 1229 305 ΤΩΝ
1265 250 1575 306 ΕΙΚΟΝΩΝ.
2228 251 2309 310 43

145 424 268 508 τῆς
325 423 441 488 καὶ
495 422 950 510 πλημμέλημα
1004 425 1202 488 τοῦτο
1269 421 1521 502 δόξειν,
1591 421 1651 488 εἰ
1716 417 2045 505 ὑπομένοι
2102 425 2186 509 τῇ
2242 421 2311 488 ἐν

145 523 382 609 Κνίδῳ
433 527 546 590 καὶ
601 527 686 611 τῇ
729 521 798 590 έν
841 523 1083 613 κήποις
1125 519 1331 606 ὁμοία
1377 525 1731 609 λέγεσθαι·
1788 530 1903 591 καί
1947 547 2024 592 σε
2066 520 2310 609 ὑπεμί-

143 648 402 713 μνησκε
430 628 563 691 τῶν
607 627 1004 693 τελευταίων
1051 625 1119 692 έν
1162 629 1260 712 τῷ
1302 627 1549 712 βιβλίῳ
1592 629 1751 709 περὶ
1798 619 2002 712 αὑτῆς
2046 625 2308 716 εἰρημέ-

147 753 313 808 νων,
375 720 481 794 ῧτι
537 733 814 811 μετρίαν
857 731 969 795 καὶ
1014 723 1272 815 ἄτυφον
1329 728 1499 816 ἔφης
1544 721 1747 815 αὑτὴν
1791 721 1908 794 οὑκ
1963 721 2309 795 ἀνατεινο-

145 833 352 918 μένην
411 824 581 912 ὑπὲρ
626 825 702 895 τὸ
751 827 1191 916 ἀνθρώπινον
1232 835 1510 914 μέτρον,
1570 823 1739 896 ἀλλὰ
1785 828 2147 916 πρόσγειον
2189 827 2309 912 τὴν

145 933 402 1016 πτῆσιν
459 935 900 1018 ποιουμένην,
961 926 998 998 ὅ
1055 931 1127 998 δὲ
1183 935 1395 997 ταῦτα
1456 931 1669 998 εἰπών
1726 927 1899 1020 ὑπὲρ
1944 925 2147 999 αὑτὸν
2191 929 2310 997 τὸν

148 1027 436 1115 οὐρανὸν
495 1027 922 1117 ἀναβιβάζεις
972 1032 1092 1121 τὴν
1146 1046 1455 1118 γυναῖκα,
1526 1029 1619 1112 ὥς
1675 1036 1787 1100 καὶ
1843 1039 2043 1112 θεαῖς
2106 1027 2309 1123 αὐτὴν

41 1149 128 1200 489
149 1129 557 1215 ἀπεικάζειν.
634 1141 694 1202 9.
739 1128 930 1222 ἠξίου
967 1135 1040 1201 δέ
1072 1158 1146 1202 σε
1174 1134 1346 1223 μηδὲ
1380 1130 1869 1222 ἀξυνετωτέραν
1900 1130 2099 1224 αὐτὴν
2130 1133 2309 1222 ἡγεῖ·
2337 1150 2375 1204 9

149 1243 326 1305 σθαι
370 1240 490 1305 τοῦ
525 1230 998 1324 Ἀλεξάνδρου,
1057 1236 1132 1315 ὃς
1185 1242 1307 1305 τοῦ
1353 1233 1809 1322 ἀρχιτέκτονος
1861 1236 2307 1322 ὑπισχνουμέ-

146 1365 264 1406 νου
310 1335 648 1406 τὸν”Αθω
694 1332 852 1406 ὅλον
894 1347 1497 1427 μετασχηματίσειν
1541 1343 1655 1407 καὶ
1697 1339 2087 1428 μορφώσειν
2132 1339 2308 1426 πρὸς

149 1435 386 1526 αὐτόν,
445 1437 536 1519 (ὃς
579 1441 654 1509 τὸ
702 1437 860 1528 ὅρος
904 1433 1088 1507 ἅπαν
1135 1441 1356 1509 εἰκόνα
1416 1446 1738 1527 γενέσθαι
1780 1444 1899 1508 τοῦ
1954 1442 2305 1526 βασιλέως,

146 1543 415 1627 ἔχοντος
460 1543 578 1610 δύο
609 1542 844 1622 πόλεις
889 1543 958 1610 ἐν
1001 1558 1152 1611 ταῖν
1190 1558 1433 1630 χεροῖν,
1482 1539 1557 1612 οὗ
1604 1543 1989 1631 προσήκατο
2034 1543 2153 1630 τὴν
2197 1569 2305 1610 τε-

145 1651 423 1729 ρατείαν
487 1649 606 1734 τῆς
669 1642 1124 1731 ὑποσχέσεως,
1193 1640 1344 1712 ἀλλ’
1406 1643 1577 1733 ὑπὲρ
1636 1642 1839 1713 αὑτὸν
1896 1642 2307 1735 ἡγησάμενος

143 1746 222 1814 τὸ
283 1747 593 1836 τόλμημα
651 1747 908 1815 ἔπαυσε
957 1747 1075 1816 τὸν
1133 1744 1506 1835 ἄνθρωπον
1564 1741 1639 1815 οὗ
1697 1751 2016 1826 πιθανῶς
2071 1750 2307 1814 κολοσ-

146 1849 308 1928 σοὺς
367 1843 882 1918 ἀναπλάττοντα
938 1854 1049 1917 καὶ
1105 1850 1224 1918 τὸν
1253 1847 1458 1917 ’Ἀθ-ω
1518 1851 1685 1919 κατὰ
1739 1851 1964 1938 χώραν
2010 1849 2125 1918 ἐᾶν
2172 1849 2307 1918 ἐκέ-

146 1955 342 2020 λευσε
397 1953 567 2041 μηδὲ
616 1952 1166 2039 κατασμικρύνειν
1210 1949 1368 2036 ὅρος
1416 1947 1590 2020 οὕτω
1634 1959 1802 2041 μέγα
1847 1952 2021 2042 πρὸς
2072 1957 2307 2040 μικροῦ

145 2053 461 2138 σώματος
491 2049 878 2142 ὁμοιότητα.
955 2052 1188 2142 ἐπῄνει
1229 2055 1301 2120 δὲ
1331 2053 1451 2122 τὸν
1475 2048 1910 2139 Ἀλέξανδρον
1938 2059 2057 2142 τῆς
2098 2080 2302 2142 μεγα-

146 2151 480 2241 λοψυχίας
537 2158 646 2222 καὶ
709 2149 1072 2243 ἀνδριάντα
1124 2156 1330 2240 μείζω
1388 2160 1623 2224 τοῦτον
1678 2161 1798 2225 τοῦ
1826 2152 2029 2226 ’Ἀθω
2090 2158 2305 2243 ἔλεγεν
2346 2210 2349 2212 v

148 2253 356 2326 αὑτοῦ
401 2252 762 2326 ἀνεστάναι
805 2283 873 2325 εν
902 2271 1052 2338 ταῖς
1079 2263 1213 2326 τῶν
1245 2253 1353 2326 ἀεὶ
1382 2265 1895 2348 μεμνησομένων
1941 2260 2303 2338 διανοίαις·

147 2354 222 2427 οὗ
276 2358 406 2447 γὰρ
462 2364 701 2445 μικρᾶς
747 2357 923 2427 εἶναι
978 2386 1242 2481 γνωμης
1297 2358 1641 2448 ὑπεριδεῖν
1688 2355 1861 2429 ου’τω
1916 2357 2305 2447 παραδόξου

141 2465 362 2552 τιμῆς.
458 2470 555 2530 10.
599 2466 712 2529 καὶ
773 2461 1012 2552 εαυτὴν
1058 2488 1174 2529 ουν
1217 2462 1293 2530 τὸ
1340 2463 1463 2547 μὲν
1506 2463 1788 2547 πλάσμα
1834 2486 1954 2530 σου
2000 2463 2301 2532 ἐπαινεῖν
2331 2473 2405 2528 10

141 2567 254 2630 καὶ
283 2564 407 2653 τὴν
439 2563 747 2633 ἐπίνοιαν
777 2569 908 2631 τῶν
940 2563 1230 2646 εἰκόνων,
1275 2564 1362 2651 μὴ
1410 2563 1749 2652 γνωρίζειν
1795 2565 1868 2631 δὲ
1906 2563 2027 2651 τὴν
2070 2562 2304 2647 ομοιό-

140 2685 344 2754 τητα·
405 2665 496 2755 μὴ
557 2666 681 2751 γὰρ
744 2665 915 2734 εἶναι
971 2670 1102 2734 τῶν
1149 2667 1555 2754 τηλικούτων
1601 2660 1829 2746 ἀξίαν,
1887 2665 2054 2754 μηδὲ
2100 2665 2304 2753 ἐγγύς,

141 2761 252 2835 ὅτι
283 2768 458 2856 μηδὲ
505 2764 710 2857 ὂῖλλην
751 2768 922 2848 τινά,
969 2767 1246 2854 γυναῖκά
1287 2793 1361 2856 γε
1408 2755 1645 2834 οὖσαν·
1694 2760 1866 2835 ὥστε
1910 2761 2153 2857 ἀφίησί
2197 2792 2307 2836 σοι

47 2882 126 2932 490
143 2869 395 2957 ταύτην
439 2868 558 2955 τὴν
602 2868 799 2954 τιμὴν
842 2872 955 2936 καὶ
999 2883 1360 2954 προσκυνεῖ
1390 2892 1511 2937 σου
1540 2867 1626 2936 τὰ
1660 2864 1999 2954 ἀρχέτυπα
2029 2873 2139 2938 καὶ
2170 2897 2305 2938 πα-

141 2971 578 3059 ραδείγματα.
669 2970 746 3038 σὺ
795 2972 866 3039 δὲ
923 2970 1008 3038 τὰ
1055 2967 1463 3057 ἀνθρώπινα
1506 2976 1719 3038 ταῦτα
1766 2971 2032 3041 ἐπαίνει
2080 2967 2303 3061 αὑτήν,

139 3073 312 3162 μηδὲ
343 3069 516 3157 ὑπὲρ
547 3072 664 3140 τὸν
695 3073 880 3140 πόδα
912 3076 1082 3142 ἔστω
1112 3073 1186 3140 τὸ
1223 3070 1561 3162 ὑπόδημα,
1607 3074 1697 3161 μὴ
1740 3077 1855 3142 καὶ
1902 3074 2302 3164 ἐπιστομίσῃ

139 3201 242 3260 με,
301 3181 532 3264 φησίν,
578 3173 1172 3260 ἐμπεριπατοῦσαν
1220 3170 1421 3263 αὐτῷ.
1508 3170 1769 3244 κάκεῖνο
1814 3178 1887 3244 δὲ
1934 3177 2151 3246 εἰπεῖν
2197 3202 2306 3246 σοι

142 3276 540 3345 ἐνετείλατο.
635 3283 734 3344 11.
786 3270 1066 3359 Ἀκοὺω,
1114 3278 1263 3366 ἔφη,
1311 3280 1585 3346 πολλῶν
1631 3278 1955 3364 λεγόντων
1998 3317 2084 3326 -
2128 3279 2187 3346 εἰ
2234 3280 2305 3346 δὲ
2335 3293 2403 3344 11

142 3379 419 3468 ἀληθές,
465 3375 654 3462 ὑμεῖς
700 3380 766 3446 οἱ
813 3375 1046 3466 ἄνδρες
1086 3380 1234 3447 ἰ’στε
1265 3419 1350 3426 -
1378 3375 1537 3468 μηδ’
1567 3374 2017 3464 Ὀλυμπίασιν
2062 3381 2307 3460 ἐξεῖναι

140 3494 287 3560 τοῖς
355 3484 587 3547 νικῶσι
651 3481 916 3565 μείζους
979 3485 1110 3550 τῶν
1169 3483 1501 3566 σωμάτων
1565 3476 1921 3550 ἀνεστάναι
1979 3481 2133 3560 τοὺς
2192 3476 2307 3549 ἂν·

142 3581 496 3670 δριάντας,
566 3575 736 3648 ἀλλὰ
811 3580 1292 3666 ἐπιμελεῖσθαι
1364 3582 1521 3662 τοὺς
1588 3580 2047 3662 Ἑλλανοδίκας
2120 3577 2309 3662 ὅπως

139 3685 312 3771 μηδὲ
372 3682 470 3761 εἷς
523 3678 985 3771 ὑπερβάληται
1041 3683 1161 3773 τὴν
1220 3678 1580 3774 ἀλήθειαν,
1646 3687 1758 3751 καὶ
1824 3683 1943 3774 τὴν
2010 3684 2307 3764 ἐξέτασιν

137 3790 274 3852 τῶν
339 3778 753 3870 ἀνδριάντων
789 3779 1290 3914 ινὁίκριβεστέραν
1346 3792 1701 3873 γίγνεσθαι
1749 3790 1868 3875 τῆς
1910 3790 2043 3853 τῶν
2090 3781 2307 3875 ἀθλη-

139 3893 273 3954 τῶν
323 3884 693 3974 εγκρίσεως.
769 3881 942 3954 ὥστε
991 3881 1136 3976 όρα,
1184 3889 1332 3977 ε’φη,
1378 3887 1469 3977 μὴ
1519 3887 1743 3956 αἰτίαν
1790 3889 2095 3975 λάβωμεν
2139 3890 2309 3977 ψεύ-

142 3992 395 4058 δεσθαι
452 3989 519 4056 ἐν
562 3992 660 4076 τῷ
700 3995 957 4077 μέτρῳ,
1015 3977 1186 4079 κᾷτα
1228 3988 1415 4079 ἡμῶν
1465 3984 1933 4077 ἀνατρέψωσιν
1979 3993 2044 4059 οι
2084 3989 2307 4060 Ἑλλα-
