2750 4534
1142 208 1426 263 AMORES.
2253 211 2284 268 1
2295 208 2331 266 9
2343 212 2378 267 9

202 402 257 444 c.
295 388 401 444 38.
435 388 593 463 φησί
645 378 663 463 ss
722 400 837 442 om.
882 376 949 441 Ω
1007 416 1092 426 -
1153 381 1317 464 ὑπὲρ
1374 409 1432 447 τ.
1492 387 1540 448 δ.
1591 381 1610 465 ss
1653 379 1827 464 παρὰ
1884 408 1936 448 τ.
2001 388 2051 448 δ.
2114 378 2235 443 ΩΓ
2295 419 2377 429 -

424 480 805 560 ἐωνούμεθα
846 480 867 567 ss
909 480 1247 565 ἐωνήμεθα
1292 480 1361 545 Ω
1405 518 1490 529 —-
1552 494 1959 567 πειθαρχεῖν
2003 482 2023 569 ΙΙ
2067 510 2150 549 πι
2196 482 2246 545 Γ
2296 521 2377 530 -

424 584 571 669 ἄχρι
677 592 807 650 καὶ
850 584 995 668 ἄχρι
1038 582 1107 646 Ω
1136 621 1219 631 -
1252 585 1649 669 ὡραϊσμένης
1678 584 1698 669 ΙΙ
1726 587 2161 669 ὡραιζομένης
2192 583 2261 648 Ω
2294 623 2374 633 —-·

197 710 253 751 c.
294 696 400 752 39.
434 687 517 753 ἂν
562 690 687 753 ἴδοι
730 686 748 768 ΙΙ
792 708 905 751 om.
951 687 1033 753 ἂν
1080 685 1130 749 Γ
1156 725 1239 735 -
1284 692 1408 755 ἴδοι
1449 687 1469 769 ss
1510 692 1665 755 εἴδοι
1711 685 1761 750 Γ
1787 724 1869 735 -·
1913 695 2165 773 πρωΐας
2195 688 2214 774 ss
2246 690 2375 774 πρὸ

420 799 571 869 μιᾶς
615 787 735 852 ΩΓ
766 826 848 835 —
882 789 1422 873 φαρμακεύουσαι
1449 790 1470 875 ss
1497 800 1822 859 ...κεῦσαι
1851 787 1903 852 Γ
1948 826 2030 837 --
2075 792 2372 875 ὑπνηλὸν

420 892 441 976 ss
484 888 743 974 ὑψηλὸν
788 888 909 953 ΩΓ
954 928 1038 939 -
1083 890 1544 971 διαπασμάτων
1587 890 1606 975 ss
1651 891 2154 971 διασπασμάτων
2200 890 2250 954 Γ
2291 931 2372 940 -

424 992 588 1059 ἄλλο
645 1020 705 1058 τι
763 992 927 1076 άλλη
976 991 997 1076 ΙΙ
1052 994 1215 1060 ἄλλο
1277 1021 1372 1073 τις
1433 994 1597 1077 ἄλλη
1656 992 1778 1058 ΩΓ
1821 1032 1904 1044 —-
1961 995 2162 1077 ὄχλον
2205 995 2224 1079 ΙΙ
2266 996 2370 1077 ὄχ-

424 1106 562 1161 λων
627 1098 692 1157 in
757 1117 879 1159 rae.
945 1093 994 1157 Γ
1039 1134 1123 1143 -
1186 1105 1637 1180 θησαυρίζεται
1695 1098 1714 1181 ΙΙ
1771 1106 2231 1183 προχειρίζεται
2302 1097 2370 1160 Ω

430 1195 671 1265 θησαυρ.
710 1199 797 1261 (m.
830 1200 899 1262 1.)

424 1291 606 1348 προχ.
656 1262 707 1326 Γ
750 1302 838 1311 -

198 1390 257 1431 c,
292 1376 399 1431 40.
432 1370 836 1451 ἐρυθαίνειν
858 1367 876 1452 ΙΙ
897 1394 925 1434 ε
953 1367 1005 1430 Γ
1030 1405 1111 1415 -
1139 1377 1347 1452 χαίτη
1368 1368 1390 1453 ss
1411 1395 1438 1434 ε
1470 1390 1773 1449 suprascr.
1799 1396 1876 1435 αι
1903 1368 1950 1431 Γ
1977 1407 2056 1418 -
2086 1370 2204 1437 τὸν
2235 1381 2370 1436 τῶν

424 1467 878 1552 γεγαμηκότων
922 1468 941 1555 ΙΙ
986 1491 1101 1533 om.
1149 1480 1284 1536 τῶν
1328 1467 1418 1551 Ω,
1465 1492 1580 1533 om.
1626 1470 1744 1537 τὸν
1790 1469 1839 1531 Γ
1882 1510 1965 1519 -
2009 1475 2372 1553 ἐφειλκυσ-

2105 1593 2162 1625 αι
2196 1574 2239 1614 l)

424 1626 608 1700 μέναι
638 1621 657 1707 ΙΙ
686 1626 765 1703 ἐφ
783 1633 860 1688 ελ
878 1649 932 1689 κ.
968 1622 1019 1684 Γ
1044 1659 1127 1669 --
1170 1623 1234 1690 τὶ
1289 1633 1695 1706 μεταίχμιον
1719 1624 1738 1709 ss
1761 1646 1876 1688 om.
1908 1624 1984 1691 τὸ
2014 1623 2084 1686 Ω
2116 1652 2144 1691 ε
2177 1571 2239 1686 (Γ
2286 1663 2370 1673 -

434 1728 660 1809 άφιᾶσι
706 1726 724 1809 ss
765 1726 1031 1807 α’φιᾶσιν
1076 1723 1128 1786 Γ
1172 1762 1257 1771 ——-

198 1853 257 1894 c.
293 1838 400 1893 41.
432 1828 515 1913 μὴ
560 1838 1012 1911 γεγυμνῶσθαι
1056 1826 1074 1910 ΙΙ
1119 1850 1233 1892 om.
1277 1828 1361 1913 μὴ
1408 1826 1531 1891 ΩΓ
1563 1867 1644 1876 -
1688 1827 2014 1909 δεσμώτας
2057 1830 2076 1915 ΙΙ
2119 1833 2150 1892 Ῥ
2187 1828 2255 1892 Ω
2288 1867 2370 1877 -

424 1930 683 2012 (ὄφελον
725 1929 746 2015 ΙΙ
788 1930 1032 2011 ὄφελον
1089 1927 1141 1990 Γ
1189 1968 1268 1977 -
1313 1938 1710 2014 διαμαγευθῇ
1751 1929 1769 2015 ΙΙ
1815 1938 2154 2015 διαμεγεθῆ
2196 1930 2264 1994 Ω

199 2054 255 2097 c.
294 2039 400 2096 42.
431 2032 583 2113 θεὸς
626 2033 645 2118 ss
685 2032 918 2116 θεατὴς
949 2030 1070 2094 ΩΓ
1094 2070 1178 2080 —
1210 2036 1380 2099 ἴσασι
1409 2032 1428 2117 ΙΙ
1458 2037 1668 2099 ἴσασιν
1699 2031 1751 2096 Γ
1774 2073 1856 2081 -
1901 2043 2008 2100 καὶ
2044 2074 2123 2081 -
2157 2043 2220 2100 τί
2249 2035 2369 2119 γὰρ

426 2142 523 2202 δεῖ
563 2140 965 2219 περιπλέκειν
979 2163 1002 2215 ;
1050 2171 1123 2181 -
1169 2135 1187 2219 ΙΙ
1232 2144 1338 2201 καὶ
1383 2135 1505 2220 γὰρ
1550 2146 1614 2202 τί
1657 2142 1753 2203 δεῖ
1793 2147 2084 2221 περιπλ.,·
2128 2135 2248 2200 ΩΓ
2289 2175 2370 2184 -

420 2294 822 2373 περιπλέκειν
862 2287 881 2371 ΙΙ
926 2238 1148 2369 πρὼξνῗ)
1199 2286 1252 2350 Γ
1298 2326 1378 2335 --
1440 2288 1768 2373 διαφθορὰ
1801 2288 1822 2373 ΙΙ
1855 2288 1971 2356 ,ἀν
2029 2287 2098 2352 Ω
2155 2326 2236 2337 —-
2291 2289 2370 2374 νὴ

424 2394 541 2457 Δία
585 2391 604 2476 ss
646 2390 823 2474 ἡδεῖα
870 2390 917 2453 Γ
968 2428 1043 2437 --
1090 2390 1523 2473 ἀπογεύονται
1565 2388 1586 2475 ss
1629 2390 2009 2473 ἀπογεύεται
2054 2388 2105 2453 Γ
2151 2430 2233 2439 -

196 2515 251 2557 e.
294 2502 396 2557 43.
428 2492 504 2559 τὸ
550 2494 787 2577 άληθὲς
831 2494 992 2560 κατὰ
1035 2498 1229 2578 μέρος
1268 2492 1289 2578 ΙΙ
1330 2492 1494 2559 κατὰ
1537 2520 1596 2572 μ.
1645 2492 1724 2559 τὸ
1768 2493 1866 2559 άλ.
1910 2490 2029 2555 ΩΓ
2076 2530 2159 2539 —
2203 2492 2367 2560 ἄλλο

422 2596 488 2661 δ’
521 2595 543 2680 ΙΙ
577 2602 642 2661 δὲ
686 2595 735 2657 Γ
781 2635 864 2644 -
910 2597 1049 2676 οἶμ’
1096 2595 1386 2674 ἅπαντας
1419 2596 1653 2679 ΙΙοῖμαι
1698 2593 1946 2675 πάντας
1991 2592 2037 2655 Γ
2062 2632 2144 2643 -
2174 2600 2367 2677 ἔθνος

418 2698 657 2783 μιαρόν
700 2697 721 2783 ΙΙ
763 2702 1000 2779 ἔθνους
1042 2709 1281 2783 μιαροῦ
1324 2695 1448 2760 ΩΓ
1493 2736 1574 2745 -
1630 2697 1894 2781 λάθριοι
1931 2699 1950 2783 ΙΙ
1981 2696 2253 2781 λάθριος
2298 2700 2366 2763 Ω

419 2838 503 2847 -
559 2800 635 2867 τὸ
692 2801 928 2867 λοιπὸν
971 2801 989 2883 ΙΙ
1034 2822 1149 2864 om.
1209 2800 1284 2867 τὸ
1339 2797 1463 2862 ΩΓ
1508 2837 1591 2847 -
1647 2810 1840 2867 κακαί
1877 2798 1898 2887 ss
1940 2808 2047 2866 καὶ
2104 2798 2226 2864 ΩΓ
2286 2839 2366 2849 —-·

420 2908 584 2985 λέχει
637 2930 705 2969 τε
756 2902 776 2988 ss
833 2925 953 2967 om.
1008 2929 1075 2969 τε
1140 2900 1185 2963 Γ
1230 2940 1310 2949 -—
1356 2911 1464 2969 καὶ
1509 2928 1703 2987 φαρμ.
1766 2901 1786 2989 ss
1843 2904 1968 2969 εἶτ’
2028 2906 2366 2985 ἐπιβουλαὶ

418 3009 525 3066 καὶ
597 3018 984 3085 φαρμακεῖαι
1044 2997 1112 3062 Ω
1182 3002 1310 3067 εἶτ’
1371 3005 1532 3080 ἐπιβ.
1594 3008 1702 3065 καὶ
1759 3018 2114 3085 φαρμακῖαι
2172 2999 2224 3063 Γ
2285 3041 2368 3050 -

419 3102 638 3169 νόσων
680 3102 699 3185 ΙΙ
742 3102 928 3169 νόσοι
973 3100 1093 3165 ΩΓ
1138 3139 1225 3149 -

196 3228 255 3269 ο.
291 3214 393 3267 44.
426 3203 543 3288 τὴν
600 3204 778 3289 ἱερὰν
822 3204 840 3287 ss
883 3227 999 3268 om.
1059 3203 1129 3267 Ω
1184 3242 1269 3253 --
1318 3203 1614 3287 χλαμύδα
1669 3206 1688 3290 ss
1738 3213 2010 3287 χλανίδα
2054 3204 2121 3269 Ω
2173 3234 2362 3289 χιτω-

418 3316 644 3374 νίσκον
689 3305 739 3368 Γ
800 3312 884 3386 (in
942 3328 1133 3389 marg.
1194 3307 1311 3392 τὴν
1365 3308 1542 3392 ἱερὰν
1582 3308 1797 3390 χλαμύ
1828 3307 1909 3387 Δ)
1960 3346 2040 3355 -
2086 3308 2292 3393 κόμην
2345 3310 2363 3394 ss

418 3408 623 3488 κόμας
680 3406 732 3470 Γ
777 3446 860 3456 --
919 3409 1308 3493 καταψήχειν
1352 3410 1371 3493 ss
1415 3407 1808 3491 καταψύχειν
1866 3406 1935 3471 Ω
1987 3418 2363 3493 καταψίχειν

419 3509 469 3572 Γ
500 3548 580 3559 -
628 3512 777 3579 ου’δὲ
819 3510 839 3596 ΙΙ
882 3511 973 3590 ὡς
1019 3518 1083 3577 δὲ
1128 3510 1195 3574 Ω
1243 3550 1323 3565 —-
1368 3510 1814 3593 φυλάττουσαι
1857 3511 1876 3595 ss
1920 3511 2362 3592 φυλάττουσιν

421 3660 578 3724 Γ-
628 3668 731 3747 δέῃ
774 3663 793 3749 ss
839 3668 968 3731 ὄὲοι
998 3661 1119 3726 ΩΓ
1145 3701 1226 3709 -
1272 3664 1559 3748 εὐμελῂς
1603 3664 1622 3749 ss
1665 3612 1960 3731 8553„—

200 3788 253 3831 c.
289 3775 394 3829 45.
426 3765 885 3846 πυκνούμενον
930 3766 947 3849 ss
992 3765 1445 3846 πυκνούμενος
1490 3764 1558 3829 Ω
1601 3805 1684 3813 -
1728 3764 2129 3850 ἐπινήφουσα
2171 3767 2192 3853 ss
2235 3772 2363 3834 ἐπι-

417 3866 711 3951 νηφούση
743 3865 795 3929 Γ
840 3904 923 3915 -·
966 3867 1004 3951 ἢ
1050 3878 1146 3947 τίς
1190 3868 1207 3953 ΙΙ
1248 3867 1290 3953 ἥ
1332 3896 1428 3947 τις
1462 3866 1530 3931 Ω
1577 3907 1656 3914 -
1701 3879 1779 3952 τῇ
1822 3888 2037 3953 woto-
2085 3869 2104 3954 ΙΙ
2148 3880 2260 3955 τῆς
2305 3898 2357 3952 7·

419 3967 468 4031 Γ
511 4007 594 4017 --
636 3971 793 4048 μεθ’
837 3970 1077 4054 ἡμέραν
1122 3970 1141 4055 ΙΙ
1182 3971 1347 4037 καθ’
1390 3971 1632 4055 ἡμέραν
1677 3967 1728 4031 Γ
1773 4009 1854 4018 -
