2750 4534
1011 249 1555 305 ICAROMENIPPUS.
2243 252 2364 313 265

202 446 255 489 e.
296 432 353 486 5.
387 422 563 490 οὕτω
608 422 629 507 ΙΙ
672 421 885 500 οὕτως
929 419 1051 483 ΓΦ
1082 426 1261 499 (erae.
1309 425 1365 499 ς)
1397 457 1480 468 -
1518 424 1740 485 ταῦτα
1783 426 1867 490 ὲκ.
1917 422 1938 504 ΙΙ
1975 423 2052 488 τὲ
2107 428 2192 491 ὲκ.
2243 423 2366 489 (221

381 528 576 604 (Urb.)
620 531 776 589 1324
810 545 929 590 ras.
961 522 1177 604 Φΰρε.
1212 560 1289 571 --
1326 518 1518 607 ᾤμην
1547 524 1566 608 ΙΙ
1597 524 1722 604 ωἰμ
1745 524 1812 587 Φ
1835 524 1936 605 (Aa
1961 522 2012 586 Γ
2043 562 2124 573 --
2155 552 2225 610 γε
2247 537 2367 592 πᾶ-

381 647 499 693 σαν
542 624 561 712 ΙΙ
604 624 819 693 πᾶσάν
850 651 920 708 γε
947 623 1289 690 ΩΓΦΠῐὶ).
1318 635 1536 693 πᾶσαν
1568 631 1712 707 Πρε.
1744 662 1829 672 —-
1868 626 2046 695 οὕτω
2089 628 2108 713 ΙΙ
2153 627 2365 708 οὕτως

380 733 528 813 Ups.
562 766 643 775 —
676 728 759 796 ἂν
806 735 1006 795 εἰπεῖν
1048 728 1069 813 ss
1112 750 1227 793 om.
1274 728 1357 795 ἄν
1402 732 1550 794 Urb.
1582 766 1666 779 -—
1710 728 1784 815 δὴ
1890 737 1954 796 δὲ
1998 727 2050 791 Γ
2091 737 2249 795 1324
2297 731 2365 794 Φ

381 867 464 879 -—
507 839 614 897 καὶ
638 829 842 914 χρόας
872 830 1189 915 ω’χρότητι
1234 830 1254 916 ΙΙ
1295 854 1410 896 om.
1441 835 1550 897 sed
1594 835 1656 896 in
1686 854 1878 914 marg.
1909 854 2034 898 reo.
2065 854 2145 897 m.
2176 837 2363 897 addit.

377 932 443 995 Φ
476 970 555 981 —-
585 932 758 1012 μάλα
802 931 923 1016 γὰρ
1030 932 1151 1018 γὰρ
1184 955 1301 997 om.
1334 938 1484 1015 Ups.
1513 970 1597 981 -—
1629 934 1696 999 οἱ
1740 935 1873 1002 α’νδ.
1921 934 1943 1020 ΙΙ
1986 941 2048 1003 οὶ
2093 956 2211 999 om.
2257 940 2366 1000 sed

381 1038 494 1099 ins.
540 1056 662 1099 rec.
709 1058 787 1100 m.
832 1033 900 1098 Φ
930 1072 1015 1083 -
1060 1034 1343 1103 αὐτόθεν
1387 1034 1407 1123 ss
1451 1034 1692 1104 αὐτόθι·
1715 1042 1862 1118 Ups.
1908 1074 1989 1085 —
2038 1044 2322 1118 εἰσαῦθις
2349 1037 2370 1123 ss

378 1140 639 1217 ἐσαῦθις
691 1144 848 1203 1324
896 1175 982 1185 -
1027 1138 1141 1203 ἐπὶ
1182 1164 1237 1206 κ.
1288 1137 1307 1222 ss
1350 1142 1418 1205 έν
1462 1165 1600 1220 κεφ.
1651 1144 1800 1221 UpS.
1845 1174 1927 1187 ·--
1974 1150 2304 1227 κεφαλαίῳ
2348 1140 2368 1225 ΙΙ

378 1240 507 1303 sine
551 1266 573 1304 ι
620 1236 669 1300 Γ
698 1276 783 1287 —-
813 1239 991 1307 ὅλων
1035 1240 1055 1325 ss
1098 1240 1321 1307 ἄλλων
1373 1247 1532 1305 1324
1582 1276 1664 1287 --
1696 1240 1821 1324 ἄρα
1865 1240 1882 1324 ss
1926 1262 2042 1306 om.
2089 1244 2236 1323 Upn.
2284 1278 2364 1289 -

375 1343 641 1425 ἀγνοίας
684 1342 703 1427 ss
746 1342 1079 1426 ἀγροικίας
1122 1341 1211 1425 Φ,
1244 1364 1356 1407 om.
1389 1342 1654 1425 άγνοίας
1684 1346 1832 1424 Ups.
1865 1380 1947 1391 —
1979 1351 2066 1423 εἰς
2107 1353 2368 1427 μείζους

371 1444 391 1527 ΙΙ
436 1448 498 1523 ἐς
540 1471 601 1523 μ.
660 1450 819 1508 1324
867 1451 953 1523 εἰς
994 1452 1293 1527 μείζονας
1337 1442 1409 1507 Ω
1446 1482 1528 1493 -
1575 1446 1878 1529 ὁσημέραι
1919 1444 1938 1529 ΙΙ
1983 1444 2095 1512 3σ’
2143 1446 2365 1530 ἡμέραι

375 1545 426 1619 Γ,
470 1582 555 1594 -
610 1556 773 1628 γοῦν
816 1543 838 1630 ΙΙ
882 1546 950 1611 δ’
1006 1543 1131 1613 οὖν
1175 1545 1297 1608 ΩΓ
1364 1553 1523 1609 1324
1569 1545 1636 1610 Φ
1681 1583 1762 1594 -
1806 1553 2063 1635 θατέρῳ
2123 1548 2143 1633 ΙΙ
2183 1554 2369 1614 θατέ-

376 1707 496 1764 ρωι
528 1680 596 1743 Φ
632 1718 715 1727 —-
762 1679 1139 1747 α’κόλουθον
1183 1679 1203 1765 ss
1243 1734 1257 1748 .
1292 1734 1306 1748 .
1356 1650 1486 1749 &gv
1519 1680 1570 1742 Γ
1601 1718 1678 1727 —-
1713 1687 1780 1748 τέ
1807 1708 1884 1761 με
1913 1684 2146 1768 ἠξίουν
2189 1684 2208 1767 ss
2251 1705 2368 1747 om.

374 1808 441 1849 τε
472 1784 674 1848 21Urb.
707 1819 790 1831 —-
821 1781 986 1866 πρὸς
1017 1781 1257 1862 αὖτοὺς
1300 1782 1320 1868 ss
1362 1810 1424 1851 π.
1462 1782 1598 1850 αὐτ.
1633 1804 1727 1864 pr.
1759 1782 1975 1848 <1>Urb.
2024 1820 2106 1833 -
2152 1780 2369 1852 ὄντων

372 1883 391 1969 ss
436 1884 656 1966 λόγων
700 1881 878 1950 ΩἳῘΓ
931 1890 1087 1948 1324
1137 1883 1203 1946 Φ
1248 1887 1398 1965 Ups.
1445 1923 1523 1933 -
1573 1884 1796 1952 αὐτῶν
1838 1882 1858 1969 ss
1902 1884 2120 1953 ὄντων
2165 1886 2367 1951 ἓῑΰτῐ).

198 2010 256 2051 c.
293 1994 349 2050 6.
382 1992 585 2069 μηδὲν
628 1984 649 2071 ss
686 1993 873 2066 μεδεν
930 1991 1077 2068 Ups.
1127 2025 1210 2034 —-
1266 1989 1428 2054 ἔνιοι
1487 1994 1551 2053 δὲ
1595 1984 1614 2072 ΙΙ
1657 1990 1816 2055 ἔνιοι
1877 1995 1941 2055 δὲ
1998 1994 2116 2053 καὶ
2173 1988 2240 2051 Φ
2286 2028 2369 2036 -

304 2190 338 2213 ι·
375 2173 512 2235 τοῖς
554 2155 573 2239 ss
615 2123 753 2236 τῗιις
798 2155 847 2217 Γ
892 2193 978 2205 --
1022 2157 1412 2236 ἐπεβάτευον
1455 2157 1474 2243 ss
1516 2093 1670 2237 εἶέὲ
1702 2156 1753 2220 Γ
1786 2194 1866 2205 -
1897 2167 2006 2224 καὶ
2037 2159 2321 2244 σχήματα
2351 2160 2370 2245 ss

378 2279 493 2321 om.
537 2256 660 2321 ΩΓ
708 2266 866 2322 1324
914 2258 1131 2337 (DUps.
1164 2294 1247 2303 —
1278 2256 1604 2339 διεξῄεσαν
1647 2258 1666 2342 ΙΙ
1710 2287 1732 2324 ι
1776 2263 2003 2324 subscr.
2049 2282 2170 2325 reo.
2203 2259 2252 2321 Γ
2284 2300 2368 2309 -

375 2366 529 2443 μηδὲ
570 2362 589 2445 ss
630 2358 715 2442 μὴ
760 2364 825 2424 δὲ
870 2357 920 2419 Γ
953 2394 1034 2404 -
1066 2362 1168 2424 ἐπὶ
1211 2356 1641 2443 τετραγώνοις
1749 2363 2015 2445 ἐπιτετρ.
2053 2360 2120 2423 Φ
2158 2383 2249 2441 pr.
2284 2401 2366 2410 —

372 2470 618 2545 χωρίον
662 2460 681 2545 ΙΙ
722 2459 801 2526 τὸ
836 2486 993 2544 χωρ.
1030 2464 1178 2540 ΠΡΒ.
1222 2496 1305 2508 --
1352 2464 1840 2545 ἐπιμετροῦντες
1881 2463 1902 2543 ΙΙ
1944 2462 2240 2548 α’ναμετρ.
2278 2462 2368 2547 Ω,

376 2562 428 2625 Γ
470 2568 533 2627 in
578 2584 769 2644 marg.
815 2562 1325 2641 ἐπιδεικνύοντες
1369 2598 1451 2610 —-

206 2691 261 2733 c.
300 2676 357 2729 7.
390 2666 653 2732 κάκεῖνο
699 2664 719 2750 ss
760 2690 843 2731 κα
894 2687 988 2746 pr.
1034 2664 1101 2727 Φ
1145 2701 1228 2713 -
1274 2664 1584 2746 ἄγνωμον
1626 2666 1646 2752 ss
1689 2668 1821 2749 dy„
1879 2670 1939 2730 in
1985 2688 2175 2749 marg.
2224 2666 2371 2735 α’νό-

380 2796 540 2853 ητον
584 2769 651 2832 Φ
696 2806 777 2817 -
822 2768 899 2835 τὸ
946 2776 1089 2852 περὶ
1133 2778 1268 2835 τῶν
1316 2767 1337 2853 ΙΙ
1384 2790 1499 2833 om.
1546 2774 1693 2850 Ups.
1740 2806 1822 2817 —-
1875 2769 2089 2852 οὕτως
2130 2772 2150 2857 ΙΙ
2193 2770 2371 2839 οὕτω

390 2879 547 2934 1324
594 2878 1039 2955 -μηδεμίαν
1090 2869 1113 2956 Ι
1164 2878 1318 2955 μηδὲ
1372 2880 1529 2949 μίαν
1577 2870 1625 2934 Γ
1684 2910 1764 2921 —-
1820 2872 2298 2953 ἀποφαίνεσθαι
2355 2869 2374 2953 ΙΙ

382 2973 831 3054 ἀποφαίνοντα
875 2977 983 3049 (sio
1010 3004 1096 3027 =
1140 2973 1622 3054 ἀποφαίνονται
1638 2978 1693 3051 P)
1741 2978 1889 3053 Ups.
1937 3010 2017 3021 —
2061 2970 2311 3057 μύδρον
2353 2970 2374 3055 ΙΙ

381 3098 497 3157 pr„
541 3096 731 3155 marg.
765 3082 1028 3160 σιδηρον
1073 3080 1543 3160 πεπυρωμένον
1573 3076 1639 3139 Φ
1671 3112 1754 3124 -
1783 3082 1900 3155 μὲν
1939 3079 2102 3143 εἶναι
2143 3073 2164 3160 ΙΙ
2207 3078 2369 3141 εἶναι

379 3183 497 3256 μὲν
527 3179 579 3244 21
610 3180 778 3254 Urb„
826 3199 939 3241 om.
984 3184 1102 3257 μὲν
1156 3185 1315 3241 1324
1360 3214 1444 3225 —-
1494 3184 1712 3265 ἱμονιᾷ
1755 3176 1774 3263 ΙΙ
1815 3181 1944 3243 sine
1979 3206 2001 3244 ι
2032 3176 2083 3239 Γ
2129 3184 2371 3256 ἰμονιᾶι

384 3278 449 3341 Φ
493 3314 577 3326 -
620 3277 915 3363 καθάπερ
961 3278 980 3363 ΙΙ
1020 3284 1138 3343 καὶ
1166 3305 1221 3348 κ.
1280 3286 1439 3344 1324
1484 3316 1570 3327 --
1613 3278 1939 3363 θαλάττης
1979 3279 1998 3363 ss
2039 3277 2371 3361 θαλάσσης

382 3383 531 3459 Πρε.
578 3417 661 3429 --
705 3384 775 3462 ἐξ
819 3384 964 3449 ἴσου
1008 3380 1028 3467 Ι
1070 3385 1213 3466 ἑξῆς
1257 3385 1406 3463 Ups.
1452 3379 1630 3447 mu*
1675 3416 1756 3429 --

208 3503 263 3545 c.
301 3488 357 3545 8.
392 3482 601 3565 ὁπόση
644 3512 697 3552 τ.
748 3484 969 3567 λόγων
1010 3482 1032 3569 ΙΙ
1072 3513 1123 3552 τ.
1174 3494 1231 3552 λ.
1282 3483 1493 3569 ὁπόση
1538 3487 1685 3548 Urb.
1727 3520 1806 3531 -
1855 3482 2088 3569 ῥᾴδιον
2128 3482 2149 3568 Ι
2193 3485 2274 3565 ῥα
2319 3480 2370 3543 Γ

380 3620 463 3631 -—-
505 3597 917 3665 καταμαθεῖν
957 3585 978 3671 Ι
1021 3590 1151 3665 ἐκμ.
1202 3588 1254 3652 21
1301 3623 1383 3634 -·
1429 3593 1486 3652 εἰ
1525 3590 1594 3652 ἐν
1638 3583 1948 3668 γειτόνων
1991 3584 2010 3667 ΙΙ
2053 3591 2109 3650 εἰ
2149 3588 2363 3665 ἐγγειτ.

387 3693 569 3767 1324,
602 3708 715 3752 om.
747 3695 805 3753 εἰ
831 3691 979 3770 ΠΡΒ.
1011 3725 1092 3737 —-
1124 3687 1433 3768 πάμπολυ
1461 3685 1482 3770 Ι
1508 3686 1683 3754 πάνυ
1715 3686 1887 3754 πολὺ
1928 3683 1999 3748 Ω
2029 3720 2112 3733 -
2141 3695 2370 3770 πρῶτα

375 3785 397 3870 ss
440 3798 707 3870 πρῶτον
738 3791 940 3853 Qum).
975 3826 1057 3837 —
1086 3799 1377 3873 τεχνίτην
1407 3800 1545 3856 τῶν
1577 3788 1755 3855 ὅλων
1783 3787 1804 3871 Ι
1830 3816 1882 3855 τ.
1919 3786 1972 3855 δ’.
2007 3814 2126 3870 τεχ.
2166 3789 2367 3852 Qum).

380 3924 458 3934 —
508 3888 853 3971 α’γέννητος
892 3887 915 3972 ss
955 3891 1260 3975 ἀγένητος
1311 3888 1434 3953 ΩΓ
1478 3926 1560 3937 --
1606 3894 2072 3973 προστιθέντας
2113 3887 2134 3971 ss
2176 3908 2266 3955 στ.
2307 3890 2367 3949 in

382 4012 502 4054 ras.
539 4010 663 4054 rec.
696 3989 763 4053 Φ
794 4028 875 4041 --
909 3990 1089 4075 ἥκων
1164 3992 1344 4076 ἢκων
1376 3990 1429 4053 Γ
1462 4029 1532 4041 -
1568 3996 1766 4071 ἑστως
1793 3990 1813 4075 ΙΙ
1841 3995 2041 4070 ἑστώς
2070 4014 2161 4073 pr.
2193 3990 2261 4053 Φ
2287 4026 2369 4037 --
