2750 4534
875 273 1155 324 ΤΟΞΑΡΙΣ
1193 273 1234 324 H
1271 272 1472 326 ΦΙΔΙΑ.
2196 274 2275 331 67

117 445 349 511 εἴκοσι.
429 446 550 509 τοῦ
597 443 687 522 δέ,
719 436 1006 527 ’Ἀπαγε,
1056 442 1380 527 λέγοντος,
1426 440 1515 530 μὴ
1566 441 1645 508 σύ
1680 467 1772 527 γε,
1820 428 1875 506 ῶ
1906 443 2277 530 Ζηνόθεμι,

41 561 96 610 235
114 545 197 632 μὴ
245 537 426 612 οῧτω
477 550 784 631 μανείην,
841 539 934 621 ῶς
979 543 1314 629 περιιδεῖν
1373 565 1450 609 σε
1496 547 1643 609 νέον
1701 546 1813 610 καὶ
1855 543 2059 611 καλὸν
2118 541 2279 612 ὄντα

112 648 264 734 κόρῃ
331 646 576 734 αἰσχρᾷ
630 649 744 713 καὶ
800 646 1217 732 λελωβημένῃ
1265 644 2017 730 συγκαταζευγνύμενον’
2086 642 2121 712 ὁ
2184 647 2277 734 δέ,

113 753 320 816 ταῦτα
391 747 786 829 διεξιόντος,
861 741 1194 831 ἀράμενος
1257 745 1375 835 τὴν
1437 746 1700 835 νύμφην
1761 741 1970 835 ἀπῄει
2037 747 2105 826 ἐς
2160 746 2278 814 τὸν

115 852 434 934 θάλαμον
500 853 608 917 καὶ
674 845 823 933 μετ’
897 849 1123 932 ὀλίγον
1189 849 1503 936 προῆλθε
1569 849 1971 937 διακορήσας
2036 844 2275 937 αὐτήν·

115 957 216 1020 καὶ
259 952 338 1020 τὸ
394 946 520 1019 ἀπ’
573 952 851 1020 ἐκείνου·
882 952 1184 1019 σύνεστιν
1244 947 1705 1037 ὑπεραγαπῶν
1760 955 1874 1019 καὶ
1918 953 2137 1040 πάντη
2186 949 2277 1031 ῶς

115 1051 270 1143 ὁρᾷς
315 1057 806 1141 περιαγόμενος
865 1047 1090 1141 αὐτήν.
1168 1057 1270 1119 26.
1316 1056 1428 1120 καὶ
1486 1047 1601 1136 οὗχ
1646 1053 1837 1132 ὅπως
1896 1055 2275 1138 αἰσχύνεται
2304 1064 2380 1119 26

114 1160 202 1242 τῷ
242 1156 476 1243 γάμηῖ,
538 1151 708 1222 ἀλλὰ
768 1159 879 1223 καὶ
927 1160 1390 1241 σεμνυνομένῳ
1437 1155 1646 1222 ἔοικεν
1659 1208 1678 1238 ,
1738 1155 2277 1242 ἐπιδεικνύμενος

117 1256 199 1336 (ὃς
240 1271 658 1346 καταφρονεῖ
714 1258 834 1342 μὲν
878 1260 1011 1323 τῶν
1069 1255 1138 1323 ἐν
1181 1260 1277 1342 τῶ
1324 1256 1590 1339 σώματι
1626 1259 1846 1324 καλῶν
1900 1249 1941 1346 ἢ
1987 1259 2274 1344 αἰσχρῶν

118 1363 218 1427 καὶ
263 1361 566 1428 πλούτου
625 1363 736 1426 καὶ
797 1359 1025 1488 δόξης,
1087 1353 1318 1447 ἀφορᾷ
1361 1359 1437 1426 δὲ
1483 1358 1550 1436 ἐς
1595 1359 1711 1427 τὸν
1758 1362 1958 1445 φίλον
2003 1364 2112 1427 καὶ
2159 1360 2276 1428 τὸν

122 1462 578 1550 Μενεκράτην·
646 1454 800 1528 οὗδὲ
867 1462 1086 1529 οἴεται
1144 1467 1350 1548 χείρω
1420 1460 1592 1546 πρὸς
1654 1463 1889 1548 φιλίαν
1956 1459 2089 1530 ὑπὸ
2160 1467 2276 1552 τῆς

123 1563 346 1652 ψήφου
407 1567 544 1632 τῶν
601 1563 964 1642 ἑξακοσίων
1025 1568 1385 1648 γεγονέναι.
1476 1562 1651 1651 πλὴν
1710 1559 1833 1651 ἤδη
1890 1589 1964 1650 γε
2020 1563 2274 1631 τούτων

122 1657 320 1746 ούτως
371 1661 574 1732 αὐτὸν
620 1660 960 1755 ἠμείψατο
1016 1669 1127 1732 καὶ
1171 1662 1210 1752 ἡ
1259 1665 1448 1754 τύχη·
1507 1667 1787 1732 παιδίον
1842 1665 1968 1753 γὰρ
2014 1668 2275 1753 πάγκα-

123 1768 224 1832 λον
271 1767 341 1835 ἐκ
385 1772 506 1857 τῆς
537 1767 883 1855 αἰσχίστης
929 1761 1111 1852 αὐτῷ
1145 1766 1393 1854 ταύτης
1440 1766 1713 1852 ἐγένετο.
1783 1772 1891 1835 καὶ
1924 1768 2157 1856 πρῴην
2201 1795 2275 1854 γε

123 1867 259 1938 ἐπεὶ
319 1864 655 1954 ἀράμενος
715 1863 874 1936 αὗτὸ
926 1868 1342 1951 εἰσεκόμισεν
1400 1865 1433 1935 ὃ
1484 1869 1709 1958 πατὴρ
1768 1869 1834 1947 ἐς
1877 1869 1952 1937 τὸ
1997 1873 2273 1954 βουλευ-

121 1973 338 2060 τήριον
398 1975 642 2058 θαλλῷ
702 1971 1098 2056 ἐστεμμένον
1160 1974 1270 2038 καὶ
1315 1974 1572 2055 μέλανα
1630 1965 2126 2056 ἀμπεχόμενον,
2186 1971 2275 2052 ὡς

125 2073 554 2159 ἐλεεινότερον
611 2079 854 2162 φανείη
923 2069 1093 2159 ὑπὲρ
1152 2077 1271 2140 τοῦ
1315 2074 1647 2155 πάππου,
1716 2074 1791 2141 τὸ
1847 2075 1967 2158 μὲν
2021 2081 2276 2164 βρέφος

127 2171 471 2262 ἀνεγέλασε
516 2175 690 2260 πρὸς
733 2173 888 2252 τούς
930 2173 1297 2260 βουλευτὰς
1351 2178 1465 2242 καὶ
1511 2176 1888 2262 συνεκρότει
1933 2175 2025 2242 τῶ
2071 2193 2269 2262 χεῖρε,

133 2273 158 2362 ᾗ
189 2277 387 2365 βουλὴ
440 2278 512 2344 δὲ
545 2277 1039 2344 ἐπικλασθεῖσα
1083 2276 1257 2362 πρὸς
1296 2271 1455 2344 αὐτὸ
1506 2271 1753 2365 ἀφίησι
1799 2283 1893 2364 τῴ
1932 2281 2272 2363 Μενεκρά-

127 2405 216 2446 τει
257 2380 378 2467 τὴν
421 2381 801 2466 καταδίκην,
847 2381 957 2446 καὶ
989 2374 1113 2466 ἤδη
1147 2379 1461 2463 ἐπίτιμός
1507 2380 1651 2447 ἐστι
1676 2381 2044 2468 τηλικούτῳ
2077 2406 2274 2470 συνη-

129 2482 290 2570 γόρῳ
330 2483 748 2571 χρησάμενος
791 2482 963 2568 πρὸς
1008 2481 1082 2548 τὸ
1135 2483 1497 2572 συνέδριον.
1572 2486 1854 2549 τοιαῦτα
1900 2479 1933 2548 ὁ
1972 2489 2274 2551 Μασσα-

131 2584 357 2673 λιώτης
417 2585 598 2669 ἔλεγε
639 2583 758 2651 τὸν
802 2579 1192 2672 Ζηνόθεμιν
1239 2584 1607 2670 εἰργάσθαι
1651 2579 1823 2669 ὑπὲρ
1882 2588 2001 2649 τοῦ
2048 2587 2270 2672 φίλου,

51 2680 211 2761 536ch
251 2683 444 2775 ὁρᾷς,
506 2681 580 2752 οὗ
624 2685 826 2773 μικρὰ
887 2680 1040 2752 οὐδὲ
1095 2682 1230 2753 ὕπὸ
1293 2687 1563 2753 πολλῶν
1622 2675 1703 2752 ὃν
1750 2689 2029 2751 Σκυθῶν
2087 2687 2273 2772 γενό-

133 2811 302 2870 μενα,
351 2790 493 2877 οἵγε
535 2779 655 2854 κᾶν
699 2787 822 2866 τὰς
869 2787 1219 2866 παλλακὰς
1267 2782 1557 2872 ἀκριβῶς
1600 2787 1726 2864 τὰς
1766 2789 2124 2867 καλλίστας
2169 2787 2273 2856 ἐκ-

133 2890 433 2974 λέγεσθαι
481 2892 803 2976 λέγονται.

285 2997 388 3058 27.
480 2990 762 3068 Λοιπὸς
822 2987 974 3079 ἡμῖν
1043 2987 1078 3056 ὃ
1141 2995 1487 3072 πέμπτος’
1562 2997 1677 3057 καί
1742 3017 1860 3076 μοι
1918 2993 2090 3059 δοκῶ
2157 2987 2273 3060 οὐκ
2300 2999 2371 3054 27

136 3087 317 3160 ἄλλον
399 3093 571 3179 ἐρεῖν
651 3099 1037 3182 Δημητρίου
1127 3096 1246 3158 τοῦ
1317 3097 1647 3170 Σουνιέως
1739 3093 2270 3178 ἐπιλαθόμενος·

134 3195 605 3272 συνεκπλεύσας
659 3195 783 3280 γὰρ
843 3195 909 3272 ἐς
967 3192 1086 3282 τὴν
1130 3194 1490 3279 Αἴγυπτον
1546 3190 1581 3262 ὅ
1631 3195 2015 3284 Δημήτριος
2051 3191 2273 3264 Ἀντι-

137 3296 297 3382 φίλῳ
340 3300 438 3382 τιιῦ
480 3292 958 3385 Ἀλωπεκῆθεν
1008 3294 1251 3382 ἑταίρῳ
1311 3293 1381 3362 ἐκ
1426 3296 1691 3362 παίδων
1738 3291 1883 3363 ὄντι
1926 3300 2035 3363 καὶ
2084 3321 2272 3364 συνε-

138 3396 314 3484 φήβῳ
374 3402 572 3486 συνῆν
628 3402 738 3465 καὶ
798 3397 1316 3464 συνεπαιδεύετο
1377 3391 1575 3474 αὐτὸς
1632 3398 1753 3481 μὲν
1813 3398 1931 3486 τὴν
1992 3393 2269 3485 ἄσκησιν

137 3496 239 3584 τὴν
281 3499 567 3587 Κυνικὴν
628 3496 1029 3584 ἀσκούμενος
1073 3495 1208 3566 ὕπὸ
1268 3503 1365 3585 τῷ
1404 3496 1630 3585 Ῥοδίῳ
1685 3498 1911 3586 ἐκείνῳ
1958 3505 2269 3588 σοφιστῇ,

140 3594 262 3666 ὅδὲ
283 3595 674 3689 Ἀντίφιλος
721 3600 1019 3687 ἰατρικὴν
1068 3597 1200 3687 ἄρα
1231 3599 1524 3684 ἐμελέτα.
1596 3604 1709 3669 καὶ
1757 3600 1836 3688 δή
1867 3625 2035 3667 ποτε
2080 3597 2115 3668 ὃ
2149 3603 2269 3685 μὲν

139 3703 501 3792 Δημήτριος
545 3703 764 3788 ἔτυχεν
810 3703 876 3782 ἐς
919 3702 1038 3788 τὴν
1067 3702 1427 3788 Αἴγυπτον
1474 3697 1842 3790 ἀποδημῶν
1884 3703 2053 3768 κατὰ
2097 3709 2271 3770 θέαν

143 3807 256 3870 τῶν
311 3807 707 3891 πυραμίδων
775 3809 886 3873 καὶ
949 3809 1070 3873 τοῦ
1125 3810 1515 3889 Μέμνονος·
1580 3799 1775 3893 ἤκουε
1839 3805 1965 3891 γὰρ
2022 3806 2271 3886 ταύτας

146 3900 384 3993 ὑψηλὰς
439 3904 644 3986 οἰῖσας
707 3907 797 3997 μὴ
859 3912 1284 3993 παρέχεσθαι
1344 3907 1564 3986 σκιάν,
1631 3906 1749 3972 τὸν
1817 3907 1887 3973 δὲ
1943 3913 2271 3992 Μέμνονα

145 4011 286 4086 βοᾶν
344 4009 516 4097 πρὸς
571 4005 1016 4077 ἀνατέλλοντα
1072 4007 1191 4076 τὸν
1247 4001 1471 4095 ἥλιον·
1529 4007 1782 4076 τούτων
1838 4007 2270 4099 ἐπιθυμήσας

1894 4112 1965 4164 5*
