2750 4534
877 259 1040 311 ΖΕΥΣ
1075 258 1475 312 ΕΛΕΓΧΟΜΕΝ
1478 260 1579 311 ΟΣ.
2228 261 2309 319 89

323 433 535 493 ΚΥΝ.
635 420 730 492 Οὖ
788 425 884 510 μὰ
940 425 1058 494 τὸν
1103 431 1220 513 τῆς
1270 429 1597 505 Κλωθοῦς
1644 424 2001 511 ἄτρακτον,
2060 415 2113 493 ὦ
2157 434 2309 511 Ζεῦ,

23 547 110 598 681
136 555 270 612 ουχ
327 525 454 594 ὑπ’
517 518 780 594 ἐκείνων
839 521 1288 653 ἀναπεισθεὶς
1344 529 1557 595 ταῦτά
1616 552 1691 596 σε
1747 524 2089 617 ἠρώτησα,
2149 527 2184 598 ὅ
2238 531 2309 597 δὲ

135 631 348 717 λόγος
381 624 580 707 αὐτὸς
616 623 734 696 οὐκ
779 623 912 696 οἶδ’
964 628 1154 708 ὁπως
1199 626 1356 717 ἡμῖν
1402 629 1663 717 προϊών
1710 632 1776 709 ἐς
1819 635 2018 698 τοῦτο
2066 626 2307 719 ἀπέβη,

134 732 475 819 περιττὰς
506 728 679 798 εἶναι
722 730 842 809 τὰς
885 736 1156 809 θυσίας.
1248 718 1456 810 αυθις
1500 726 1589 814 δ’,
1638 733 1698 799 εἰ
1745 734 1939 814 δοκεῖ,
1988 732 2099 800 διὰ
2142 740 2309 819 βρα-

129 839 318 916 χέων
365 832 691 919 ἐρήσομαί
734 854 840 913 σε,
903 832 984 899 σὺ
1031 833 1102 899 δὲ
1146 831 1234 922 μὴ
1282 827 1563 923 ὀκνήσῃς
1609 832 2151 921 ἀποκρίνασθαι,
2196 838 2310 901 καὶ

138 929 345 1013 ὁπως
392 929 894 1022 ἀσφαλέστερον
941 927 1310 1020 ἀποκρινεῖ.

326 1040 578 1103 ΖΕΥΣ.
621 1032 886 1121 Ἐρώτα,
935 1037 1003 1103 εἴ
1044 1060 1155 1103 σοι
1201 1036 1400 1123 σχολὴ
1447 1036 1532 1103 τὰ
1576 1041 1855 1105 τοιαῦτα
1902 1040 2139 1126 ληρεῖν.

326 1146 386 1205 7.
431 1145 644 1205 ΚΥΝ.
690 1138 930 1205 Πάντα
976 1137 1107 1226 φὴς
1153 1138 1223 1205 ἐκ
1265 1142 1401 1205 τῶν
1443 1143 1731 1226 Μοιρῶν
1774 1146 2165 1226 γίγνεσθαι,·
2348 1151 2381 1204 ’1

324 1245 575 1306 ΖΕΥΣ.
628 1243 813 1327 Φημὶ
857 1238 1000 1325 γάρ.

324 1349 535 1409 ΚΥΝ.
603 1337 784 1426 (Υμῖν
845 1341 916 1407 δὲ
973 1339 1254 1407 δυνατὸν
1318 1334 1666 1409 ἀλλάττειν
1722 1345 1932 1408 ταῦτα
1989 1346 2098 1409 καὶ
2146 1336 2309 1409 ἀνα-

141 1443 486 1526 κλώθειν,·

326 1549 577 1611 ΖΕΥΣ.
634 1538 981 1627 Οὐδαμῶς.

327 1653 539 1713 ΚΥΝ.
607 1646 851 1712 Βούλει
909 1671 1024 1712 ουν
1085 1644 1401 1732 ἐπαγάγω
1459 1648 1569 1712 καὶ
1627 1644 1702 1712 τὸ
1763 1644 1933 1729 μετὰ
1976 1650 2208 1727 τοῦτο,
2270 1636 2332 1735 ἢ.

148 1748 377 1836 δῆλον,
421 1737 544 1814 κᾶν
587 1746 677 1834 μὴ
725 1746 901 1813 ε’ίπω
949 1745 1152 1830 αὐτός

328 1853 578 1913 ΖΕΥΣ.
624 1850 849 1936 Δῆλον
905 1853 1046 1932 μέν.
1137 1849 1203 1915 οι
1249 1848 1322 1914 δέ
1364 1873 1437 1933 γε
1480 1848 1765 1927 θύοντες
1812 1843 1887 1915 οὗ
1932 1852 2049 1938 τῆς
2086 1855 2315 1934 χρείας

149 1949 346 2017 ἕνεκα
399 1949 736 2031 ,θύουσιν,
815 1943 1156 2017 ἀντίδοσίν
1225 1974 1376 2016 τινα
1444 1950 1840 2034 ποιούμενοι
1903 1953 2012 2017 καὶ
2082 1944 2310 2033 ὥσπερ

151 2046 527 2136 ὠνούμενοι
567 2045 843 2136 τάγαθὰ
890 2043 1054 2137 παρ’
1117 2046 1329 2140 ἡμῶν,
1392 2044 1561 2117 ἀλλὰ
1606 2054 1926 2134 τιμῶντες
1973 2049 2191 2131 ἄλλως
2234 2051 2309 2120 τὸ

150 2156 444 2238 βέλτιον.

331 2261 541 2324 ΚΥΝ.
587 2251 832 2321 Ἱκανὸν
875 2257 1105 2335 τοῦτο,
1154 2254 1214 2320 εἰ
1256 2257 1367 2323 καὶ
1416 2254 1496 2320 σὺ
1544 2254 1676 2341 φὴς
1722 2254 1838 2321 επὶ
1882 2256 2113 2344 μηδενὶ
2155 2282 2314 2374 χρη-

156 2365 340 2444 σίμῳ
408 2362 764 2444 γίγνεσθαι
828 2355 948 2434 τὰς
1020 2362 1301 2437 θυσίας,
1373 2357 1769 2445 χρηστότητι
1846 2358 1919 2423 δέ
1981 2385 2116 2425 τινι
2181 2362 2314 2424 τῶν

49 2472 135 2521 632
154 2455 554 2541 ἀνθρώπων
583 2458 931 2543 τιμώντων
959 2458 1035 2525 τὸ
1068 2460 1350 2543 βέλτιον.
1427 2465 1650 2525 καίτοι
1686 2459 1753 2525 εἴ
1792 2484 1895 2537 τις
1936 2463 2069 2525 τῶν
2116 2483 2317 2545 σοφι-

156 2564 337 2627 στῶν
385 2559 648 2627 ἐκείνων
679 2564 922 2650 παρῆν,
968 2554 1155 2647 ἤρετ’
1209 2556 1289 2627 ἄν
1323 2584 1398 2627 σε
1427 2555 1593 2627 καθ’
1646 2554 1683 2627 ὅ
1726 2586 1795 2627 τι
1837 2562 2139 2645 βελτίους
2185 2561 2317 2649 φὴς

154 2662 317 2741 τοὺς
362 2662 566 2741 θεούς
580 2715 596 2744 ,
641 2665 755 2730 καὶ
796 2666 1008 2729 ταῦτα
1053 2658 1463 2746 ὁμοδούλους
1505 2665 1639 2727 τῶν
1686 2656 2073 2747 ἀνθρώπων
2120 2657 2318 2739 ὄντας

155 2767 270 2831 καὶ
329 2760 465 2831 ὑπὸ
524 2778 674 2842 ταῖς
722 2758 957 2843 αὐταῖς
1016 2764 1410 2841 δεσποίναις
1452 2778 1603 2842 ταῖς
1647 2769 1951 2849 Μοίραις
1995 2770 2317 2847 ταττομέ-

157 2891 335 2944 νους.
427 2860 501 2933 οὗ
553 2865 680 2952 γὰρ
727 2864 1096 2952 ἀποχρήσει
1143 2864 1368 2942 αὐτοῖς
1411 2864 1487 2932 τὸ
1540 2858 1925 2943 ἀθανάτους
1971 2862 2169 2946 εἶναι,
2226 2862 2319 2944 ὥς

161 2960 257 3034 δι>
324 2962 486 3035 αὐτὸ
550 2962 861 3052 ἀμείνους
919 2968 1170 3034 δοκεῖν·
1243 2966 1391 3033 ἐπεὶ
1440 2967 1635 3033 τοῦτό
1696 2992 1769 3052 γε
1824 2972 2056 3053 μακρῷ
2097 2969 2319 3054 χεῖρόν

159 3069 374 3149 ἐστιν,
435 3070 569 3155 εἴγε
612 3068 767 3147 τοὺς
809 3070 931 3154 μὲν
973 3059 1094 3137 κάν
1139 3065 1174 3135 ὃ
1223 3068 1525 3149 θάνατος
1571 3068 1666 3147 εἰς
1712 3067 2105 3155 ἐλευθερίαν
2151 3064 2319 3157 ἀφε-

161 3174 370 3253 λοιτο,
415 3168 571 3256 ὖμῖν
618 3172 690 3238 δὲ
721 3168 894 3249 εἰς”
850 3195 1132 3256 απειρον
1179 3170 1497 3238 ἐκπίπτει
1526 3170 1600 3238 τὸ
1634 3174 1913 3257 πρᾶγμα
1942 3174 2054 3238 καὶ
2101 3166 2321 3250 ἀΐδιος

159 3272 198 3364 ἡ
251 3275 525 3341 δουλεία
568 3281 861 3361 γίγνεται
905 3271 1038 3341 ὑπὸ
1085 3276 1317 3359 μακρῷ
1361 3278 1458 3360 τῷ
1506 3276 1669 3360 λίνῳ
1716 3278 2151 3360 στρεφομένη.
2244 3302 2248 3306 ·

337 3381 396 3443 8.
443 3381 692 3442 ΖΕΥΣ.
773 3370 965 3443 Ἀλλ’
986 3427 1004 3456 ,
1063 3401 1116 3441 ω
1162 3382 1479 3457 Κυνίσκε,
1538 3374 1611 3441 τὸ
1674 3369 1895 3442 ἀΐδιον
1951 3378 2147 3441 τοῦτο
2204 3378 2316 3441 καὶ
2353 3388 2391 3442 8

161 3474 450 3566 ἄπειρον
481 3473 794 3561 ευδαιμον
838 3473 996 3564 ἡμῖν
1043 3474 1187 3545 ἐστι
1227 3478 1338 3543 καὶ
1387 3502 1455 3543 εν
1500 3470 1758 3543 άπασιν
1804 3470 2091 3561 ἀγαθοῖς
2133 3472 2323 3561 ἡμεῖς

157 3583 460 3665 βιοῦμεν.

343 3687 550 3747 ΚΥΝ.
608 3675 740 3763 Ούχ
787 3674 1101 3762 άπαντες,
1150 3705 1202 3747 ω
1235 3682 1387 3760 Ζεῦ,
1436 3673 1603 3744 ἀλλὰ
1638 3678 1991 3764 διωρισται
2018 3680 2127 3745 καὶ
2161 3676 2315 3765 παρ’

161 3781 322 3866 ὑμῖν
377 3781 454 3850 τὸ
511 3786 802 3868 πρᾶγμα
831 3785 943 3849 καὶ
988 3780 1203 3868 πολλὴ
1263 3779 1515 3867 ταραχὴ
1578 3780 1826 3848 ε’νεστι·
1888 3804 1966 3847 συ
2022 3780 2143 3864 μὲν
2196 3780 2323 3866 γὰρ

163 3884 534 3969 εὐδαίμων,
600 3884 918 3969 βασιλεύς
971 3881 1094 3971 γάρ
1151 3886 1260 3950 καὶ
1322 3882 1605 3950 δύνασαι
1663 3876 1975 3949 ἀνασπᾶν
2030 3882 2150 3969 τὴν
2204 3886 2325 3971 γῆν

161 3990 278 4056 καὶ
355 3986 477 4075 τὴν
553 3986 905 4053 θάλατταν
978 3979 1209 4072 ὥσπερ
1287 3983 1554 4069 ἱμονιὰν
1626 3990 1897 4062 καθείς·
1973 3980 2008 4051 ὁ
2068 3976 2326 4073 (Ἡφαι-
