2750 4534
805 233 1088 287 ΟΝΕΙΡΟΣ
1122 233 1166 285 Η
1200 232 1604 289 ΑΔΕΚΤΡΥΩΝ.
2155 233 2272 289 141

287 409 491 469 ΣΙΜ.
587 409 707 481 Τίς
752 402 1043 481 ἐπάταξέ
1085 428 1206 486 με,·
1252 403 1657 489 λῃστεύομαι
1701 399 1735 469 ὃ
1789 403 2125 493 δυστυχής.

287 511 501 571 ΜΙΚ.
585 504 862 589 Ὀἵμωζε
907 508 1016 571 καὶ
1055 504 1447 590 διαγρύπνει
1492 509 1602 572 καὶ
1648 498 1883 589 ὅμοιος
1926 511 2149 591 γίγνου
2194 505 2270 571 τὸ

125 611 350 693 χρῶμα
419 611 518 693 τῷ
580 612 804 694 χρυσῷ
870 606 1340 696 προστετηκὼς
1411 601 1609 694 αὐτῷ.
1709 604 1899 698 ἡμεῖς
1958 608 2029 675 δὲ
2088 606 2275 691 παρὰ

133 715 481 797 Γνίφωνα,
530 707 589 776 εἰ
635 710 846 791 δοκεῖ,
904 708 1022 777 τὸν
1068 708 1485 795 δανειστὴν’
1455 709 1693 834 (ι’ωμεν.
1782 704 1855 776 οὗ
1902 708 2159 795 μακρὰν
2207 711 2279 776 δὲ

129 814 229 878 καὶ
275 806 478 889 οὗτος
521 811 706 879 οἰκεῖ.
784 806 1030 899 ἆνέωγε
1072 815 1182 878 καὶ
1230 805 1392 900 αύτη
1438 807 1597 902 ἡμῖν
1638 808 1678 900 ἦ
1725 812 1927 898 θύρα.

293 920 396 981 31.
441 917 739 980 ΑΛΕΚ.
836 910 1032 1002 Ὁρᾷς
1089 912 1645 999 ἐπαγρυπνοῦντα
1700 916 1810 981 καὶ
1872 908 2101 983 αὐτόν
2162 913 2275 981 ἐπι
2310 916 2381 972 31

133 1015 542 1101 φροντίδων,
603 1009 1154 1101 ἀναλογιζόμενον
1199 1014 1354 1093 τοὺς
1397 1015 1631 1094 τόκους
1685 1020 1799 1083 καὶ
1842 1016 1998 1094 τοὺς
2044 1015 2280 1082 δακτύ-

135 1118 276 1194 λους
342 1113 472 1205 ἤδη
531 1118 1046 1205 κατεσκληκότα,
1118 1144 1194 1184 ον
1255 1117 1476 1203 δεήσει
1542 1113 1691 1203 μετ’
1766 1112 1991 1204 ὀλίγον
2056 1119 2282 1185 πάντα

134 1222 330 1284 ταῦτα
389 1220 853 1286 καταλιπόντα
920 1226 1164 1306 σίλφην
1224 1210 1264 1308 ἢ
1323 1218 1579 1303 ἐμπίδα
1642 1210 1684 1306 ἢ
1751 1220 2111 1304 κυνόμυιαν
2173 1245 2281 1306 γε·

138 1320 407 1405 νέσθαι,·

293 1431 505 1491 ΜΙΚ.
610 1420 780 1509 Ὁρω
850 1425 1304 1508 κακοδαίμονα
1373 1426 1487 1490 καὶ
1555 1418 1837 1510 ἆνόητον
1911 1420 2281 1509 ἄνθρωπον

141 1518 280 1592 οὐδὲ
340 1531 459 1594 νῦν
518 1525 692 1593 πολὺ
751 1530 869 1616 τῆς
929 1529 1174 1613 σίλφης
1230 1516 1272 1616 ἢ
1319 1525 1606 1610 ἐμπίδος
1663 1521 1933 1608 ἄμεινον
1987 1530 2282 1610 βιοῦντα.

143 1622 221 1704 ὥς
265 1628 335 1695 δὲ
381 1632 498 1695 καὶ
545 1622 741 1705 οὗτος
786 1628 1118 1718 ἐκτέτηκεν
1177 1622 1333 1706 ὅλος
1377 1625 1513 1695 ὑπὸ
1558 1632 1693 1694 τῶν
1736 1630 2086 1713 λογισμῶν.
2163 1622 2274 1695 ἐπ’

145 1724 329 1795 ἄλλον
377 1726 708 1814 ἀπίωμεν.

299 1839 402 1901 32.
448 1837 746 1900 ΑΛΕΚ.
820 1830 1022 1918 Παρὰ
1067 1830 1184 1898 τὸν
1231 1830 1350 1897 σὸν
1391 1825 1749 1918 Εὐκράτην,
1797 1830 1856 1897 εἶ
1903 1831 2097 1898 δοκεῖ.
2168 1837 2279 1901 καὶ
2310 1850 2385 1904 32

148 1930 276 1999 ἰδοὺ
319 1935 467 2023 γάρ,
517 1929 764 2022 ἀνέῳγε
806 1938 918 2001 καὶ
966 1927 1129 2022 αὕτη
1175 1931 1214 2020 ἡ
1262 1933 1481 2018 θύρα·
1529 1927 1704 2001 ὥστε
1748 1933 2081 2019 εἰσίωμεν.

299 2043 509 2103 ΜΙΚ.
583 2036 826 2103 Πάντα
869 2040 1078 2103 ταῦτα
1123 2036 1517 2121 ε’μπροσθεν
1560 2035 1795 2122 μικρὸν
1842 2035 1969 2121 ἐμὰ
2012 2034 2111 2123 ἠν.

71 2144 135 2195 750
286 2143 598 2235 ‘AAEK.
662 2134 799 2206 Ἔτι
842 2137 968 2225 γὰρ
1016 2137 1094 2206 σύ
1126 2132 1543 2224 όνειρώττεις
1585 2137 1703 2205 τὸν
1750 2141 2077 2221 πλοῦτον,·
2122 2135 2284 2227 ὁρᾷς

151 2230 202 2299 ὅ
239 2236 346 2307 οὖν
390 2242 512 2310 τὸν
544 2236 882 2329 Εὐκράτην
929 2235 1128 2308 αυτὸν
1173 2242 1296 2325 μὲν
1339 2237 1474 2307 υπὸ
1519 2245 1640 2307 τοῦ
1686 2241 1942 2307 οἰκέτου
1989 2240 2282 2328 πρεσβύ-

147 2364 248 2427 την
291 2339 704 2429 ανθρωπον,·

298 2452 504 2512 ΜΙΚ.
573 2442 745 2530 Ὁρῶ
777 2445 852 2534 νὴ
885 2450 1025 2511 Δία
1052 2444 1599 2531 καταπυγοσύνην
1627 2447 1739 2511 καὶ
1771 2446 2282 2531 πασχητιασμόν

151 2568 282 2611 τινα
325 2552 436 2616 καὶ
488 2542 836 2632 ἀσέλγειαν
881 2545 995 2614 οὐκ
1043 2541 1514 2635 ἀνθρωπίνην·
1561 2544 1680 2635 τήν
1715 2560 1991 2632 γυναῖκα
2037 2547 2109 2614 δὲ
2140 2546 2282 2614 ἐτέ-

153 2653 311 2727 ρωθι
353 2648 492 2718 ὑπὸ
539 2654 658 2716 τοῦ
700 2656 1018 2736 μαγείρου
1063 2654 1537 2736 μοιχευομένην
1580 2651 1690 2716 καὶ
1740 2642 1961 2738 αὐτήν.

304 2758 404 2819 33.
452 2757 748 2849 AAEK.
831 2757 917 2818 Τί
959 2738 1111 2834 οὖν,
1155 2751 1423 2829 ἐθέλοις
1470 2742 1549 2817 ὃν
1593 2754 1707 2819 καὶ
1750 2751 2003 2818 τούτων
2048 2753 2281 2839 κληρο-
2309 2763 2385 2820 33

157 2866 375 2937 νομεῑν,
425 2850 479 2920 ὠ
525 2854 806 2935 Μικύλε,
853 2856 963 2920 καὶ
1008 2854 1234 2919 πάντα
1281 2853 1450 2935 ἔχειν
1496 2851 1578 2919 τὰ
1627 2846 2037 2938 Εὖκράτους;

304 2962 508 3023 ΜΙΚ.
614 2956 1005 3044 Μηδαμῶς,
1075 2942 1128 3021 ὦ
1189 2950 1591 3040 ἀλεκτρυών·
1660 2957 1835 3043 λιμῷ
1902 2952 2283 3045 ἀπολοίμην

159 3055 483 3144 πρότερον.
551 3064 841 3144 χαιρέτω
884 3057 962 3125 τὸ
1004 3064 1278 3143 χρυσίον
1321 3064 1433 3125 καὶ
1462 3057 1548 3123 τὰ
1581 3058 1842 3134 δεῖπνα,
1889 3058 2007 3125 δύο
2053 3052 2282 3143 ὀβολοὶ

163 3150 292 3235 ἐμοί
330 3186 403 3245 γε
450 3161 743 3239 πλοῦτός
788 3159 932 3229 ἐστι
974 3162 1227 3243 μᾶλλον
1258 3151 1300 3247 ἢ
1331 3166 1893 3246 τοιχωρυχεῖσθαι
1938 3158 2111 3246 πρὸς
2152 3165 2284 3227 τῶν

163 3253 429 3329 οἰκετῶν.
2350 3345 2355 3350 ,

309 3368 602 3431 AAEK.
669 3358 962 3430 Ἀλλὰν
928 3367 1038 3430 νῦν
1074 3363 1196 3447 μὲν
1215 3359 1439 3449 ἡμέρα
1482 3363 1607 3450 γὰρ
1650 3359 1776 3485 ἤδη
1824 3358 2002 3453 αμφὶ
2048 3363 2124 3431 τὸ
2174 3366 2283 3429 λυ-

163 3464 367 3547 καυγὲς
397 3460 579 3553 αὐτό,
626 3460 934 3550 απίωμεν
967 3465 1192 3532 οἴκαδε
1237 3460 1403 3550 παρ’
1438 3462 1642 3555 ἡμᾶς·
1689 3464 1773 3532 τὰ
1807 3465 2015 3533 λοιπὰ
2049 3466 2121 3533 δὲ
2152 3465 2283 3543 εἰς·

169 3563 346 3643 αὖθις
389 3563 570 3654 όψει,
617 3594 670 3634 ω
715 3569 997 3636 Μικύλε.
