2750 4534
881 285 1160 339 ΤΟΞΑΡΙΣ
1194 286 1236 337 H
1273 285 1473 339 ΦΙΔΙΑ.
2188 284 2267 343 83

295 455 494 524 ΤΟΞ.
568 459 894 521 Πειστέον
939 458 1051 522 καὶ
1081 455 1291 520 ταῦτά
1339 478 1445 521 σοι
1480 457 1965 538 νομοθετοῦντι
2009 458 2121 521 καὶ
2162 455 2275 519 διὰ

118 559 413 640 βραχέων
474 557 767 634 λεκτέον,
823 555 912 642 μὴ
972 559 1082 623 καὶ
1127 557 1340 644 κάμῃς
1392 552 1549 643 ἡμῖν
1605 563 1685 641 τῇ
1733 549 1901 642 ἀκοῇ
1947 578 2274 640 συμπερι-

123 659 388 722 νοστῶν.
465 664 566 723 57.
626 659 881 741 μᾶλλον
940 652 1000 723 δ’
1057 654 1370 727 ἄκουσον,
1434 656 1582 741 ἐμοὶ
1642 650 1823 743 αὑτῷ
1881 656 1993 723 οἶα
2054 659 2269 743 φίλος,
2304 662 2373 719 57

120 762 424 845 Σισίννης
467 754 778 842 τοῦνομα,
820 755 1264 849 ὑπηρέτησεν·
1323 759 1437 825 ὅτε
1479 757 1603 845 γὰρ
1641 753 1978 845 Ἀθήναζε
2024 754 2271 846 ἀπῄειν

121 858 390 926 οἴκοθεν
447 859 790 948 ἐπιθυμίᾳ
847 861 1166 938 παιδείας
1222 864 1344 943 τῆς
1382 856 1782 949 Ἑλληνικῆς,
1852 861 2271 926 κατέπλευσα

121 953 185 1036 ἐς
215 957 592 1045 Ἄμαστριν
648 960 766 1049 τὴν
827 962 1192 1049 Ποντικήν·
1256 962 1324 1028 ἐν
1386 964 1734 1050 προσβολῇ
1793 962 1866 1027 δέ
1925 956 2072 1029 ἐστι
2128 976 2269 1039 τοῖς

33 1072 104 1123 562
121 1055 248 1126 ἀπὸ
316 1068 614 1141 Σκυθίας
681 1066 1002 1132 πλέουσιν
1071 1058 1147 1131 οὑ
1207 1062 1383 1130 πολὺ
1448 1067 1566 1151 τῆς
1624 1064 2040 1150 Καράμβεως
2100 1059 2269 1129 ἀπέ-

114 1185 316 1243 χουσα
364 1160 406 1251 ἡ
451 1165 686 1243 πόλις·
745 1166 975 1233 εἵπετο
1040 1167 1111 1233 δὲ
1156 1163 1190 1233 ὃ
1242 1172 1553 1253 Σισίννης
1600 1165 1862 1251 ἑταῖρος
1906 1160 1978 1232 ἐκ
2020 1164 2269 1243 παιδὸς

118 1260 218 1329 ὤν.
290 1262 484 1354 ἡμεῖς
542 1267 664 1350 μὲν
723 1253 838 1333 οὑν
881 1267 1269 1356 καταγωγήν
1326 1293 1479 1333 τινα
1540 1260 1657 1333 ἐπὶ
1716 1271 1813 1353 τῷ
1860 1269 2077 1350 λιμένι
2124 1290 2267 1333 σκε-

119 1367 409 1449 φάμενοι
480 1362 602 1434 κάκ
674 1372 794 1434 τοῦ
859 1372 1102 1436 πλοίου
1179 1369 1274 1447 εἰς
1342 1364 1548 1454 αὐτὴν
1614 1368 2266 1452 μετασκευασάμενοι

121 1461 543 1553 ιῖγοράζομεν,
637 1464 824 1537 οὐδὲν
899 1469 1193 1560 πονηρὸν
1275 1468 1731 1558 ὑφορώμενοι·
1823 1466 1891 1536 ἓν
1966 1469 2263 1554 τοσούτῳ

121 1570 184 1634 δὲ
224 1572 489 1648 κλῶπές
542 1596 720 1650 τινες
778 1566 1293 1650 ἀνασπάσαντες
1351 1572 1427 1639 τὸ
1476 1574 1814 1657 κλεῖστρον
1872 1566 2265 1659 ἐκφέρουσιν

121 1669 410 1758 ἅπαντα,
458 1669 549 1749 ῶς
591 1674 758 1762 μηδὲ
803 1673 886 1739 τὰ
936 1674 1030 1751 εἰς
1076 1672 1324 1763 ἐκείνην
1367 1672 1487 1760 τὴν
1532 1670 1783 1760 ἡμέραν
1831 1673 2264 1759 διαρκέσοντα

119 1775 521 1841 καταλιπεῖν.
599 1769 1094 1854 ἐπανελθόντες
1140 1762 1255 1842 οὑν
1288 1776 1516 1842 οἴκαδε
1560 1779 1668 1842 καὶ
1716 1774 1790 1841 τὸ
1825 1773 2090 1861 γεγονὸς
2133 1799 2263 1857 μα-

121 1875 352 1955 θόντες
412 1876 808 1957 δικάζεσθαι
859 1879 978 1961 μὲν
1035 1892 1176 1955 τοῖς
1220 1874 1477 1963 γείτοσι
1522 1879 1802 1956 πολλοῖς
1847 1864 2035 1944 οὖσιν
2084 1869 2123 1961 ἢ
2168 1879 2265 1961 τῷ

121 1975 269 2063 ξένῳ
330 1970 449 2043 οὑκ
507 1972 1014 2063 ἐδοκιμάζομεν,
1081 1980 1374 2057 δεδιότες
1429 1980 1518 2069 μὴ
1581 1980 1997 2067 συκοφάνται
2054 1978 2262 2057 δόξω-

120 2102 225 2158 μεν
267 2093 414 2156 τοῖς
459 2081 738 2157 πολλοῖς
784 2082 1111 2166 λέγοντες,
1171 2078 1260 2159 ὥς
1303 2077 1616 2168 ὑφείλετο
1662 2077 1849 2166 ἡμῶν
1893 2106 1995 2159 τις
2042 2082 2263 2165 δαρει-
2317 2162 2320 2165 ¹

120 2178 256 2257 κοὺς
298 2188 773 2267 τετρακοσίους
816 2184 929 2247 καὶ
975 2176 1244 2268 ἐσθῆτα
1287 2180 1545 2272 πολλὴν
1590 2185 1697 2248 καὶ
1733 2181 2030 2259 δάπιδάς
2073 2206 2262 2260 τινας

122 2284 218 2347 καὶ
245 2281 328 2347 τὰ
365 2278 536 2347 ἅλλα
567 2280 796 2349 ὁπόσα
828 2284 1109 2368 εἴχομεν.
1173 2290 1272 2351 58.
1319 2278 1801 2369 ἐσκοπούμεθα
1834 2285 1906 2350 δὲ
1938 2287 2096 2369 περὶ
2126 2287 2257 2349 τῶν
2284 2292 2359 2348 58

123 2383 463 2468 παρόντων
509 2377 549 2449 δ’
591 2410 657 2451 τι
704 2384 1066 2470 πράξομεν,
1116 2381 1365 2471 ἄποροι
1413 2386 1850 2451 παντάπασιν
1896 2379 1969 2452 ἐν
2013 2393 2092 2471 τῇ
2141 2380 2260 2451 ἀλ-

124 2484 376 2573 λοδαπῇ
419 2485 792 2571 γενόμενοι·
846 2480 1048 2570 κάμοὶ
1091 2488 1212 2570 μὲν
1259 2482 1473 2553 ἐδόκει
1520 2484 1610 2564 ὥς
1656 2484 1830 2569 εἶχον
1876 2480 2079 2552 αὑτοῦ
2123 2512 2260 2552 πα-

119 2587 486 2669 ραβύσαντα
544 2581 615 2665 ἐς
669 2586 788 2675 τὴν
846 2587 1142 2675 πλευρὰν
1198 2588 1316 2654 τὸν
1377 2583 1689 2675 ἀκινάκην
1751 2581 2084 2653 ἀπελθεῖν
2140 2591 2259 2652 τοῦ

115 2691 251 2767 βίου
295 2691 462 2774 πρὶν
501 2682 762 2774 ἀγεννές
805 2715 872 2755 τι
901 2686 1283 2775 ὑποστῆναι
1329 2691 1505 2776 λιμῷ
1548 2679 1589 2778 ἢ
1623 2690 1815 2775 δίψει
1857 2694 2255 2769 πιεσθέντα,

117 2784 144 2850 ὁ
199 2790 265 2857 δὲ
319 2797 632 2879 Σισίννης
688 2797 1155 2878 παρεμυθεῖτο
1218 2795 1328 2859 καὶ
1392 2794 1638 2859 ἱκέτευε
1693 2792 1899 2880 μηδὲν
1955 2794 2255 2857 τοιοῦτον

119 2906 350 2959 ποιεῖν·
425 2885 624 2970 αὑτὸς
677 2891 814 2978 ,γὰρ
874 2887 1259 2980 ἐπινοήσειν
1325 2885 1493 2960 ὅθεν
1552 2893 1781 2976 ἕξομεν
1839 2894 2078 2970 ἱκανῶς
2135 2891 2255 2970 τὰς

117 2993 373 3080 τροφάς.
430 2996 542 3058 καὶ
600 2993 752 3060 τότε
808 2996 927 3078 μὲν
988 2994 1148 3072 ξύλα
1206 2994 1656 3081 παρεκόμισεν
1714 2989 1783 3061 ἔκ
1827 2998 1945 3060 τοῦ
1992 2996 2255 3077 λιμένος

117 3098 210 3159 καὶ
238 3089 390 3180 ἧκεν
432 3091 591 3184 ἡμῖν
638 3089 777 3161 ἀπὸ
823 3100 942 3162 τοῦ
979 3100 1238 3179 μισθοῦ
1283 3091 1845 3181 ἐπισιτισάμενος.
1920 3097 2135 3163 ἕωθεν
2180 3097 2252 3163 δὲ

117 3196 381 3283 περιιών
425 3195 592 3263 κατὰ
639 3194 756 3282 τὴν
788 3191 1038 3283 ἀγορὰν
1084 3195 1219 3265 εἶδε
1251 3199 1533 3284 πομπήν
1578 3224 1747 3279 τινα,
1796 3194 1884 3275 ὥς
1916 3198 2063 3285 ἔφη,
2109 3224 2252 3285 γεν-

119 3302 301 3362 ναίων
369 3300 477 3363 καὶ
539 3299 754 3363 καλῶν
822 3305 1214 3365 νεανίσκων·
1283 3312 1685 3383 μονομαχεῖν
1755 3298 1825 3364 δὲ
1884 3292 2069 3365 οὗτοι
2134 3293 2249 3365 ἐπὶ

40 3402 332 3484 563μισθῴ
393 3391 997 3486 ἀνδρολογηθέντες
1057 3394 1124 3477 ἐς
1167 3406 1396 3486 τρίτην
1442 3399 1690 3486 ἡμέραν
1738 3400 2251 3485 διαγωνιεῖσθαι

117 3496 388 3577 ἔμελλον.
462 3502 572 3566 καὶ
619 3499 699 3587 δὴ
744 3500 818 3565 τὸ
867 3504 1007 3565 πᾶν
1066 3496 1156 3578 ὥς
1201 3497 1367 3583 εἶχεν
1432 3495 1606 3587 ἀμφ’
1662 3498 1900 3577 αὐτοὺς
1945 3498 2247 3583 πυθόμε-

118 3623 228 3681 νος,
273 3598 498 3667 ἐλθών
531 3597 621 3678 ῶς
655 3598 786 3685 ἐμέ,
834 3606 1119 3689 Μηκέτι,
1167 3587 1220 3666 ῶ
1261 3601 1528 3687 Τόξαρι,
1576 3601 1723 3689 ἔφη,
1772 3605 2025 3688 πένητα
2058 3624 2251 3666 σεαυ-

115 3701 213 3767 τὸν
256 3705 433 3789 λέγε,
490 3697 562 3781 ἐς
605 3703 730 3789 γὰρ
775 3709 1004 3791 τρίτην
1062 3699 1313 3791 ἡμέραν
1370 3703 1699 3771 πλούσιόν
1756 3726 1833 3768 σε
1890 3702 2247 3790 ἀποφανῶ.

117 3806 201 3869 59.
241 3806 450 3869 ταῦτα
499 3799 668 3884 εἶπε,
714 3807 824 3870 καὶ
862 3803 1174 3889 πονήρως
1216 3802 1291 3870 τὸ
1324 3802 1568 3887 μεταξὺ
1618 3802 2093 3888 ἀποζήσαντες,
2141 3796 2242 3868 ἒν-
2270 3814 2345 3870 59

115 3904 342 3993 στάσης
400 3901 525 3993 ἤδη
585 3909 702 3994 τῆς
754 3911 926 3984 θέας
973 3894 1344 3990 ἐθεώμεθα
1388 3909 1497 3972 καὶ
1549 3898 1773 3972 αὐτοί·
1832 3903 2245 3991 παραλαβών

114 4005 216 4091 γάρ
257 4032 340 4091 με
383 4002 475 4084 ὥς
510 4000 628 4074 ἐπὶ
671 4007 958 4095 τερπνόν
1001 4033 1070 4074 τι
1098 4010 1211 4075 καὶ
1242 4006 1629 4093 παράδοξον
1676 4012 1905 4089 θέαμα
1950 4010 2082 4072 τῶν
2106 4002 2243 4073 Ἑλ-

1866 4108 1939 4159 6*
