2750 4534
1079 241 1380 294 ΕΙΚΟΝΕΣ.
2223 242 2305 300 39

37 427 128 477 479
323 415 546 476 AYK.
622 410 982 498 Παγκάλην
1011 413 1124 478 καὶ
1167 411 1432 498 ταύτην,
1478 394 1531 476 ῶ
1562 410 2019 497 Πολύστρατε,
2066 405 2309 497 ἄπειρ-

143 510 358 596 γάσω,
405 514 516 578 καὶ
549 510 780 595 σχεδὸν
823 508 948 602 ἤδη
996 514 1183 592 τέλος
1224 535 1336 580 σοι
1382 513 1640 596 ἔχουσιν
1686 514 1759 580 αἱ
1802 513 2075 592 εἰκόνες·
2122 506 2308 580 άπα-

147 636 277 680 σαν
320 611 448 699 γὰρ
494 611 921 703 ἐπελήλυθας
962 613 1081 700 τὴν
1125 612 1346 702 ψυχὴν
1388 612 1557 682 κατὰ
1598 619 1763 704 μέρη
1812 613 2127 683 ἐπαινῶν.

325 721 429 784 21.
480 720 717 784 ΠΟΛ.
815 710 950 800 Οὑχ
1007 709 1312 784 ἅπασαν·
1371 715 1472 784 ἔτι
1525 715 1655 803 γὰρ
1711 715 1798 785 τὰ
1853 722 2132 806 μέγιστα
2175 721 2309 783 τῶν
2338 725 2416 782 21

149 816 454 886 ἐπαίνων
485 821 976 903 περιλείπεται.
1051 821 1217 906 λέγω
1263 818 1441 886 δὲτὸ
1476 817 1545 886 ἐν
1573 820 1938 907 τηλικούτῳ
1984 815 2157 906 ὄγκῳ
2198 844 2311 905 γε·

148 923 434 1007 νομένην
495 915 698 1008 αὐτὴν
755 921 924 1009 μήτε
976 923 1190 1010 τῦφον
1248 919 1364 987 ἐπὶ
1424 914 1755 1009 εὑπραξίᾳ
1809 922 2311 1007 περιβαλέσθαι

145 1021 320 1110 μήτε
375 1016 547 1104 ὑπὲρ
591 1021 666 1088 τὸ
718 1015 1154 1109 ἀνθρώπινον
1207 1025 1449 1106 μέτρον
1506 1021 1897 1110 ἐπαρθῆναι
1942 1023 2312 1091 πιστεύσω-

147 1147 282 1188 σαν
326 1127 410 1210 τῇ
453 1126 646 1210 τύχῃ,
693 1123 1051 1212 φυλάττειν
1098 1124 1170 1190 δὲ
1216 1123 1333 1192 ἐπὶ
1374 1127 1494 1190 τοῦ
1540 1123 1861 1192 ἰσοπέδου
1907 1123 2145 1215 ἑαυτὴν
2190 1152 2313 1214 μη-

148 1226 266 1291 δὲν
325 1219 774 1310 ἀπειρόκαλον
830 1216 872 1313 ἢ
917 1225 1236 1316 φορτικὸν
1295 1230 1677 1314 φρονοῦσαν
1731 1230 1840 1294 καὶ
1896 1241 2041 1306 τοῖς
2098 1251 2314 1311 προσ-

151 1330 338 1394 ιοῦσι
392 1327 761 1415 δημοτικῶς
805 1353 878 1395 τε
922 1331 1034 1395 καὶ
1079 1327 1148 1394 ἐκ
1189 1331 1307 1397 τοῦ
1352 1323 1590 1412 ὁμοίου
1634 1334 2156 1416 προσφέρεσθαι
2200 1331 2312 1395 καὶ

149 1425 500 1504 δεξιώσεις
572 1429 684 1493 καὶ
771 1425 1276 1516 φιλοφροσύνας
1363 1427 1939 1515 φιλοφρονεῖσθαι
2012 1426 2313 1512 τοσούτῳ

150 1524 387 1612 ἡδίους
426 1542 570 1606 τοῖς
616 1530 1163 1614 προσομιλοῦσιν,
1211 1521 1351 1614 ὅσῳ
1396 1530 1506 1594 καὶ
1553 1528 1739 1612 παρὰ
1785 1528 2086 1612 μείζονος
2129 1521 2314 1612 ὅμως

147 1629 500 1715 γινόμεναι
564 1625 755 1698 οῦδὲν
819 1628 1129 1717 τραγικὸν
1196 1629 1670 1718 ἐμφαίνουσιν·
1745 1625 1837 1708 ῶς
1904 1627 2155 1698 ὁπόσοι
2218 1634 2314 1716 τῷ

148 1737 322 1818 μέγα
371 1731 708 1800 δύνασθαι
751 1731 840 1820 μὴ
888 1731 1064 1819 πρὸς
1105 1728 1512 1818 ὑπεροψίαν,
1568 1727 1737 1798 ἀλλὰ
1784 1731 1959 1818 πρὸς
2002 1726 2315 1801 εὐποιίαν

152 1833 550 1923 ἐχρήσαντο,
599 1829 785 1902 οὗτοι
829 1838 943 1902 καὶ
989 1829 1169 1912 ἄξιοι
1211 1834 1508 1918 μάλιστα
1548 1838 1680 1902 τῶν
1726 1834 1914 1922 παρὰ
1958 1838 2077 1924 τῆς
2118 1828 2316 1923 τύχης

153 1936 502 2002 δοθέντων
533 1930 814 2022 ἀγαθῶν
847 1931 1202 2025 ὤφθησαν.
1290 1937 1402 2003 καὶ
1438 1935 1633 2020 μόνοι
1680 1925 1761 2002 ἂν
1807 1929 1994 2003 οὗτοι
2042 1936 2316 2016 δικαίως

151 2037 228 2104 τὸ
293 2037 679 2126 ἐπίφθονον
735 2038 1157 2127 διαφύγοιεν·
1217 2031 1436 2117 οῦδεὶς
1489 2037 1615 2124 γὰρ
1662 2028 1743 2105 ἂν
1796 2038 2169 2128 φθονήσειε
2212 2042 2310 2125 τῴ

153 2137 568 2228 ὑπερέχοντι,
630 2132 706 2231 ἢν
762 2140 1198 2227 μετριάζοντα
1259 2140 1375 2209 ἐπὶ
1433 2155 1577 2219 τοῖς
1634 2134 2068 2227 εὐτυχήμασιν
2115 2136 2317 2208 αὑτὸν

47 2262 134 2312 480
155 2241 288 2333 ὁρᾷ
339 2246 450 2311 καὶ
495 2242 583 2330 μὴ
631 2243 800 2310 κατὰ
845 2243 963 2330 τὴν
1007 2246 1126 2310 τοῦ
1166 2239 1450 2332 Ὁμήρου
1481 2240 1691 2332 ’Ἀτην
1737 2242 1985 2332 ἐκείνην
2030 2237 2147 2310 ἐπ’
2198 2237 2318 2310 ἆν-

158 2349 335 2431 δρῶν
393 2345 652 2432 κράατα
701 2345 1031 2434 βεβηκότα
1086 2347 1198 2412 καὶ
1253 2344 1330 2412 τὸ
1390 2341 1874 2432 ὑποδεέστερον
1936 2349 2315 2413 πατοῦντα·

155 2443 330 2534 ὅπερ
361 2449 426 2514 οἱ
470 2449 781 2515 ταπεινοὶ
815 2447 938 2526 τὰς
978 2446 1246 2533 γνώμας
1290 2446 1663 2530 πάσχουσιν
1712 2439 2157 2535 ἀπειροκαλίᾳ
2200 2451 2318 2534 τῆς

154 2551 385 2639 τύχης·
453 2547 732 2617 ἐπειδὰν
786 2548 912 2635 γάρ
973 2542 1212 2627 αὑτοὺς
1266 2544 1307 2637 ἡ
1365 2548 1522 2637 τύχη
1579 2547 1785 2636 μηδὲν
1841 2551 2147 2616 τοιοῦτον
2210 2546 2317 2613 ἐλ-

157 2660 494 2730 πίσαντας
553 2648 747 2740 ἄφνω
806 2645 1182 2738 ἀναβιβάσῃ
1245 2649 1312 2729 ἐς
1369 2650 1622 2739 πτηνόν
1666 2676 1735 2718 τι
1782 2652 1895 2716 καὶ
1954 2648 2317 2736 μετάρσιον

156 2751 409 2843 ὄχημα,
471 2748 546 2820 οὗ
605 2759 916 2838 μένουσιν
979 2753 1090 2820 ἐπὶ
1136 2756 1270 2819 τῶν
1328 2748 1761 2839 ὑπαρχόντων
1808 2743 1951 2818 οῦδ>
2006 2745 2319 2838 ἀφορῶσι

155 2855 360 2938 κάτω,
409 2849 560 2922 ἀλλ’
601 2849 710 2923 dez
739 2853 914 2940 πρὸς
943 2853 1018 2922 τὸ
1056 2849 1330 2932 ἄναντες
1356 2853 1725 2940 βιάζονται.
1800 2856 2153 2939 τοιγαροῦν
2185 2845 2318 2920 ὥσ-

157 2985 290 3045 περ
323 2953 658 3042 οἷ”Ικαροι
686 2961 996 3036 τακέντος
1028 2949 1255 3034 αὑτοῖς
1297 2954 1579 3038 τάχιστα
1622 2958 1741 3021 τοῦ
1784 2958 1988 3043 κηροῦ
2031 2958 2142 3022 καὶ
2185 2959 2319 3021 τῶν

156 3064 429 3147 πτερῶν
490 3063 974 3146 περιρρυέντων
1040 3059 1296 3145 γέλωτα
1353 3054 1879 3146 ὀφλισκάνουσιν
1938 3056 2051 3124 ἐπὶ
2110 3082 2318 3146 κεφα-

158 3163 279 3254 λὴν
340 3162 406 3242 ἐς
451 3160 707 3248 πελάγη
753 3163 866 3227 καὶ
909 3159 1210 3226 κλύδωνα
1269 3158 1743 3242 εμπίπτοντες.
1832 3151 1988 3227 όσοι
2032 3159 2105 3226 δὲ
2147 3158 2317 3225 κατὰ

155 3267 274 3334 τὸν
303 3263 655 3332 Δαίδαλον
701 3261 1056 3352 ἐχρήσαντο
1093 3274 1237 3338 τοῖς
1281 3273 1555 3345 πτεροῖς
1598 3262 1709 3326 καὶ
1755 3260 1845 3347 μὴ
1891 3258 2065 3326 πάνυ
2112 3254 2321 3344 ἐπήρ-

157 3375 420 3457 θησαν,
475 3357 810 3444 εἰδότες“
771 3390 880 3432 οτι
922 3363 993 3431 ἐκ
1034 3366 1235 3451 κηροῦ
1278 3359 1357 3448 ἠν
1405 3355 1631 3439 αὑτοῖς
1675 3366 2122 3450 πεποιημένα,
2170 3359 2319 3426 ἐτα-

156 3471 522 3556 μιεύσαντο
583 3468 656 3535 δὲ
713 3466 886 3554 πρὸς
929 3466 1004 3534 τὸ
1066 3461 1503 3549 ἀνθρώπινον
1560 3462 1681 3553 τὴν
1738 3462 1958 3553 φορὰν
2000 3489 2111 3530 και
2155 3457 2322 3550 ἠγά-

159 3595 388 3662 πησαν
446 3569 849 3657 ὑψηλότεροι
908 3567 1114 3652 μόνον
1157 3569 1291 3632 τῶν
1334 3560 1642 3649 κυμάτων
1689 3563 2097 3648 ενεχθέντες,
2145 3557 2321 3632 ὥστε

64 3686 139 3738 481
159 3680 394 3760 μέντοι
451 3671 838 3752 νοτίζεσθαι
900 3663 1126 3748 αυτοῖς
1171 3663 1275 3736 ἀεὶ
1320 3666 1405 3734 τὰ
1453 3665 1669 3752 πτερὰ
1712 3668 1822 3732 καὶ
1869 3665 1957 3754 μὴ
2006 3671 2323 3790 παρέχειν

159 3771 332 3844 αὑτὰ
376 3772 563 3861 μόνῳ
607 3799 700 3859 τῳ
746 3769 946 3861 ἡλίῳ,
1009 3764 1195 3838 οὗτοι
1241 3770 1313 3836 δὲ
1358 3762 1686 3858 ἀσφαλῶς
1727 3791 1800 3834 τε
1846 3793 1985 3852 αμα
2031 3771 2142 3835 καὶ
2189 3792 2323 3835 σω-

159 3879 434 3968 φρόνως
463 3875 865 3962 διέπτησαν·
913 3873 1084 3960 οπερ
1115 3873 1222 3939 καὶ
1255 3869 1499 3959 ταύτην
1531 3864 1612 3936 ὅν
1640 3894 1745 3947 τις
1778 3867 2075 3954 μάλιστα
2122 3869 2323 3938 ἐπαι-

159 3987 396 4049 νέσειε.
485 3979 838 4063 τοιγαροῦν
893 3979 1006 4042 καὶ
1065 3969 1254 4052 αξιον
1298 3972 1485 4059 παρὰ
1533 3971 1807 4039 πάντων
1852 3965 2323 4058 ἀπολαμβάνει
