2750 4534
858 252 1164 307 lUPPITER
1200 252 1615 309 TRAGOEDUS.
2194 253 2316 312 185

151 446 207 487 e.
234 431 341 488 22.
373 424 489 504 τὰς
546 432 781 504 θυσίας
834 421 1062 504 μόνων
1120 425 1642 503 ἑστιωμένων
1691 423 1714 508 ΙΙ
1767 431 2317 508 καρπουμένων

144 752 200 793 e.
228 737 336 795 25.

144 1576 197 1616 e.
229 1559 335 1616 26.

370 524 495 589 ΩΓ
539 531 683 589 Mut.
734 534 844 608 76,
905 528 983 589 ef.
1037 529 1114 588 ad
1156 530 1280 606 Iup.
1332 528 1485 595 conf.
1547 548 1601 589 e.
1655 533 1727 590 19
1782 548 1837 592 n.
1887 547 2000 590 om.
2045 527 2317 605 μόνων

370 625 494 691 ΩΓ
523 634 667 692 Mat.

369 731 460 811 ὡς
506 731 698 799 οῦδὲν
744 731 869 811 ἐφ’
910 730 1109 815 ἡμῖν
1152 741 1312 798 τῶν
1356 728 1796 817 τοιούτωνΙΙ
1840 741 1994 799 τῶν
2037 730 2313 799 τοιού-

366 858 527 901 των
572 837 663 915 ἐφ
680 832 697 855 ’
725 832 879 917 ἡμῖν
922 830 991 896 Ω
1013 837 1157 896 Mut.
1204 837 1283 915 ἐφ
1302 833 1318 856 ’
1348 832 1502 917 ἡμῖν
1533 863 1615 887 --=
1646 838 1711 897 iu
1755 845 1969 899 nostra
2001 845 2309 915 potestate

367 937 447 999 ef.
490 937 704 1001 Abdie.
736 957 789 999 e.
825 942 903 999 22
932 935 1087 1019 (22).
1122 972 1201 983 —
1233 940 1304 1016 ἓξ
1342 946 1511 1015 μνᾶς
1554 931 1862 1021 ἑκάτερον
1907 939 2253 1005 ἕλκοντα
2297 936 2318 1021 fl

368 1042 767 1118 ἕλκοντας
811 1039 862 1103 ss
892 1042 1036 1102 Mat.
1070 1040 1392 1102 Schwartz.
1453 1040 1543 1102 Of.
1579 1041 1808 1119 Catapl.
1842 1062 1894 1103 e.
1930 1049 1986 1104 9.
2031 1076 2114 1087 —-
2155 1050 2314 1107 θυν-

369 1148 569 1221 νῶδες
634 1149 742 1208 καὶ,
807 1149 1037 1225 κομιδῇ
1091 1140 1296 1225 παχύ
1347 1141 1373 1227 ΙΙ
1427 1140 1678 1226 τραχύ
1738 1144 1790 1208 91
1851 1148 2011 1223 quod
2077 1146 2314 1223 praefe-

367 1230 633 1308 iendum.
721 1250 1057 1322 θυννῶδες
1104 1248 1259 1307 enim
1305 1251 1365 1307 et
1409 1243 1580 1327 παχὺ
1622 1266 1956 1324 synonyma
1999 1254 2155 1328 sunt,
2199 1249 2315 1310 hoc

368 1354 563 1411 autem
620 1350 886 1426 Neptuni
944 1354 1145 1409 votum
1202 1368 1318 1426 quo
1376 1351 1506 1409 vult
1546 1350 1770 1411 indicta
1811 1369 1994 1411 eausa
2034 1352 2316 1413 trucidari

365 1471 487 1513 non
530 1454 722 1512 solum
764 1453 1031 1531 simmam²
1070 1453 1180 1513 sed
1225 1454 1402 1514 etiam
1448 1457 1620 1515 atrox
1665 1456 1756 1514 est
1801 1452 1876 1513 ef.
1911 1472 1963 1514 c.
1998 1457 2141 1514 231.

372 1559 506 1618 καὶ
538 1551 661 1635 7ἢν
720 1548 917 1631 οὗτος
972 1550 1199 1634 κελεύῃ
1253 1552 1277 1633 ΙΙ
1329 1555 1424 1615 De
1483 1559 1590 1618 καὶ
1635 1552 1716 1635 ἢν
1763 1559 1822 1617 et
1864 1552 2009 1620 κᾶν.
2099 1555 2192 1616 Of.
2238 1556 2314 1615 ad

366 1658 551 1735 Imag.
600 1676 652 1718 e.
688 1660 788 1717 20.

143 1781 195 1821 e.
226 1766 333 1820 27.
362 1756 639 1841 χρηστὸς
670 1754 693 1840 ΙΙ
726 1759 886 1819 add.
934 1755 1127 1841 ἀνὴρ
1172 1753 1294 1818 ΩΓ
1324 1761 1468 1819 Mat.
1514 1792 1598 1803 —-
1643 1755 1958 1842 εὐσεβήςΙΙ
2003 1756 2313 1838 φιλόθεος

146 2492 195 2537 c.
232 2476 337 2533 28.

146 2696 196 2740 e.
234 2680 337 2737 30.

364 1856 487 1921 ΩΓ
515 1863 659 1921 Mut.
692 1894 773 1903 —
804 1865 913 1923 καὶ
955 1856 1112 1937 τοὺς
1156 1856 1514 1942 τρόπους
1557 1857 1733 1926 πάνυ
1779 1859 2098 1943 ἠκρίβωκε
2131 1860 2149 1942 ΙΙ
2183 1859 2312 1925 τό-

366 1986 534 2038 πους
565 1963 727 2023 det.
761 1963 899 2041 loci,
945 1964 1045 2040 qui
1090 1980 1127 2021 a
1161 1962 1534 2039 philosophis
1578 1966 1951 2024 nominantur
1995 1964 2170 2025 sedes
2219 1984 2313 2024 ar-

364 2070 793 2143 gumentorum.
840 2098 924 2108 —-
968 2061 1125 2141 τοὺς
1168 2072 1328 2129 τῶν
1371 2073 1758 2130 Στωικῶν
1803 2062 1826 2148 ΙΙ
1875 2063 2030 2143 τοὺς
2076 2080 2310 2130 στωϊ-

364 2163 557 2243 κοὺς
600 2161 777 2229 mu*
807 2169 952 2227 Mut.
982 2201 1067 2211 —
1110 2160 1274 2231 ὥστε
1318 2168 1625 2245 γέλωτα
1672 2164 2092 2245 ὀφλισκάνειν
2125 2167 2148 2248 ΙΙ
2180 2174 2315 2231 καὶ

366 2271 519 2349 γέλ.
567 2271 711 2329 Mat.
772 2302 845 2312 —-
904 2275 1312 2350 βατταρίζων
1369 2274 1500 2333 καὶ
1557 2267 2037 2351 ταραττόμενος
2067 2268 2092 2350 ΙΙ
2121 2276 2217 2347 βα
2237 2297 2313 2335 τ-

368 2376 723 2452 ταρίζων
772 2374 908 2448 (om.
954 2376 1063 2434 καὶ
1107 2370 1299 2451 det.)
1344 2373 1968 2452 τεταραγμένως
2012 2371 2079 2437 ἔ.

370 2470 755 2550 οἷσφαλῶς
800 2471 823 2552 ΙΙ
856 2469 1219 2552 ἀσαφῶς,
1265 2475 1381 2533 nisi
1425 2474 1613 2533 mavis
1662 2474 1932 2535 omittere
1977 2473 2092 2533 hoc
2135 2493 2314 2535 voea-

367 2574 571 2636 bulum
617 2594 749 2635 cum
793 2568 914 2633 ΩΓ
943 2576 1087 2635 Mut.

369 2672 550 2758 ἄχρι
607 2674 750 2739 καῖ
795 2683 942 2740 τοῦ
999 2682 1321 2750 πλίνθους
1370 2682 1661 2755 χρυσοῦς
1720 2698 1877 2739 ποτε
1930 2680 2252 2755 εἰληφέναι
2294 2674 2315 2760 fl

369 2775 550 2860 ἄχρι
607 2785 751 2842 τοῦ
807 2782 942 2843 καὶ
996 2777 1161 2840 det.
1218 2772 1394 2839 9211*
1438 2779 1582 2841 Mat.
1641 2809 1723 2820 —
1785 2774 2239 2859 προφάσεις
2295 2774 2316 2859 fl

369 2877 726 2962 ἀφορμάς
769 2875 891 2940 ΩΓ
921 2881 1067 2941 Mat.
1098 2913 1180 2924 —
1214 2875 1394 2960 εἰμὴ
1440 2881 1646 2959 ἔχεις
1679 2879 1698 2959 ΙΙ
1735 2880 1902 2960 ἔχοις
1945 2876 2014 2940 Ω
2043 2883 2186 2941 Mut.
2217 2886 2313 2943 76.

369 3002 446 3044 m.
494 2989 546 3044 1.
604 3016 689 3027 —
746 2979 835 3059 ὡς
881 3027 897 3044 .
941 3034 955 3047 .
1007 3028 1023 3043 .
1071 2978 1674 3064 στερησόμενόν
1734 2999 1801 3047 σε
1859 2990 1970 3064 τῆς
2027 2986 2250 3065 τέχνης
2297 2982 2316 3065 ΙΙ

371 3081 1078 3166 στερηθησόμενος
1123 3103 1237 3145 om.
1283 3088 1351 3148 σὲ
1389 3084 1549 3149 det.
1603 3102 1726 3158 „ne
1767 3089 2046 3159 credant,
2091 3085 2317 3148 talibus

368 3187 554 3250 rebus
604 3187 876 3250 omnibus
930 3189 1274 3251 destitutum
1328 3190 1483 3249 artis
1525 3194 1586 3249 te
1621 3188 1768 3263 fore
1811 3193 2185 3264 expertem‘fi
2235 3222 2312 3230 —

371 3288 702 3369 ἀνέξεσθε,
763 3294 820 3353 εἰ
869 3286 953 3369 μὴ
998 3290 1341 3370 ἔκμετρα
1387 3292 1633 3368 λέγοιμι
1680 3286 1704 3371 ΙΙ
1747 3290 2094 3370 ἔμμετρα
2138 3286 2312 3351 ΩἳΙΓ

370 3396 515 3454 Mut.
560 3398 592 3451 7
602 3397 659 3452 6.
704 3391 867 3456 det.
969 3393 1185 3469 Apollo
1260 3394 1452 3468 qualis
1524 3412 1563 3452 a
1631 3394 1894 3453 Lucieno
1963 3394 2315 3454 describitur

370 3496 725 3556 adulescens
752 3496 815 3554 in
841 3494 1021 3555 rebus
1051 3514 1259 3571 parum
1290 3498 1585 3572 versatus,
1628 3514 1664 3553 a
1692 3496 1887 3554 Momo
1917 3496 2122 3554 irrisus
2157 3497 2316 3570 quod

370 3616 447 3658 ne
492 3615 636 3658 suae
685 3596 921 3673 quidem
972 3598 1112 3657 artis
1157 3597 1518 3657 vaticinandi
1561 3598 1688 3657 sine
1734 3600 2026 3673 apparatu
2072 3615 2313 3674 compos

370 3702 465 3779 sit,
524 3698 749 3760 viribus
793 3700 917 3759 suis
960 3717 1078 3759 non
1124 3698 1334 3777 fidene,
1395 3698 1502 3759 sed
1545 3699 1772 3775 gloriae
1819 3698 2097 3777 cupidus,
2143 3717 2315 3760 vere-

373 3801 589 3862 cundia
643 3801 958 3877 impeditus
1016 3803 1250 3862 veniam
1315 3802 1491 3878 petit,
1561 3800 1719 3875 quod
1783 3818 1902 3860 non
1971 3800 2313 3882 ἔμμετρα

372 3907 491 3965 sint
535 3921 688 3980 quae
734 3904 957 3965 dicati.
992 3921 1044 3964 e.
1083 3903 1242 3980 quod
1284 3921 1402 3962 non
1447 3905 1591 3963 satis
1638 3904 1992 3963 conveniant
2035 3906 2313 3964 metricae

374 4010 515 4068 artis
560 4006 815 4083 legibus.
902 4007 1139 4067 Minime
1196 4024 1340 4067 vero
1399 4006 1665 4086 ἔκμετρα
1722 4008 1909 4066 solam
1960 4006 2036 4066 ad
2077 4025 2313 4083 prosam
