2750 4534
389 251 473 308 24
1277 251 1684 314 [ΛΟΥΚΙΑΝΟΥ]

395 415 709 497 άκλινοῦς
763 425 916 502 βίου
973 417 1091 486 τὸν
1148 420 1585 506 στεργόμενον
1644 413 1921 500 ἇλύπως
1984 419 2053 499 ἐς
2103 427 2308 510 γῆρας
2361 417 2554 489 ὁδεῦ-

401 546 521 589 σαι
564 522 896 611 μηδεμιᾶς
950 521 1144 608 τύχης
1199 521 1621 605 πειράσαντα
1669 523 2003 607 βάσκανον
2062 524 2402 611 ἐπήρειαν.
2495 525 2555 591 εἰ

401 625 475 690 δὲ
518 631 664 704 καί,
728 623 870 701 οἷος
917 620 1357 710 ἀνθρωπίνης
1405 619 1671 710 φύσεως
1716 625 1949 708 νόμος,
2008 626 2205 705 νόσος
2248 626 2553 710 ἐπιψαύ-

406 751 582 794 σειεν
644 719 866 807 αὐτοῦ,
911 724 1231 807 κάμνοντι
1277 726 1661 814 συννοσήσω
1718 731 1831 794 καὶ
1876 728 1991 794 διὰ
2031 734 2370 813 χειμερίου
2416 735 2555 794 θα-

408 829 649 918 λάττης
708 829 1091 914 άναγομένῳ
1147 823 1693 912 συμπλεύσομαι·
1751 833 1865 897 καὶ
1910 820 1993 896 ἂν
2036 829 2388 919 τυραννικὴ
2434 837 2554 914 βία

410 932 624 1013 δεσμὰ
689 928 1028 1016 περιάψῃ,
1096 927 1213 996 τὸν
1280 930 1430 996 ἰ’σον
1490 928 1756 1016 ἐμαυτῷ
1822 933 2180 1021 περιθήσω
2248 933 2555 1019 σίδηρον·

405 1031 652 1114 ἐχθρὸς
709 1031 892 1109 ἅπας
946 1028 981 1098 ὃ
1041 1035 1256 1116 μισῶν
1314 1031 1561 1099 ἐκεῖνον
1618 1030 1776 1115 ἐμὸς
1835 1033 2057 1115 ἔσται,
2114 1037 2227 1100 καὶ
2284 1033 2555 1120 φιλήσω

403 1134 564 1212 τοὺς
594 1132 768 1218 πρὸς
805 1129 1007 1201 αὐτὸν
1053 1129 1361 1212 εὐνοϊκῶς
1406 1135 1703 1218 ἐ’χοντας·
1751 1135 1812 1202 εἰ
1857 1137 1930 1203 δὲ
1976 1136 2223 1223 λῃστὰς
2262 1127 2308 1224 ἢ
2353 1139 2553 1203 πολε·

403 1245 598 1322 μίους
641 1243 1028 1325 θεασαίμην
1073 1231 1184 1304 ἐπ’
1237 1230 1442 1304 αὐτὸν
1488 1233 1865 1324 ὁρμῶντας,
1926 1235 2342 1328 ὃπλισαίμην
2386 1239 2555 1306 κατὰ

409 1339 720 1424 δύναμιν·
769 1342 881 1406 καὶ
928 1329 1018 1406 ἂν»
1053 1333 1403 1426 ἀποθάνῃ,
1451 1339 1561 1426 ζῆν
1605 1333 1723 1418 οὐκ
1768 1333 2120 1423 ἀνέξομαι·
2166 1343 2557 1420 τελευταίας

404 1443 478 1509 δὲ
524 1440 801 1520 ἐντολὰς
843 1455 987 1520 τοῖς
1030 1434 1180 1523 μετ’
1235 1441 1482 1508 ἐκεῖνον
1526 1438 1648 1507 ὕπ’
1688 1441 1851 1526 ἐμοῦ
1897 1449 2357 1530 στεργομένοις
2402 1444 2557 1513 ἐπι-

403 1545 720 1635 θήσομαι
762 1543 984 1611 κοινὸν
1031 1538 1443 1632 αμφοτέροις
1490 1543 1820 1629 ἐπιχῶσαι
1852 1546 2115 1648 τάφον,
2174 1542 2439 1625 ὀστέοις
2486 1549 2558 1615 δὲ

406 1643 858 1732 ἀναμίξαντας
917 1641 1120 1712 ὀστέα
1163 1646 1330 1733 μηδὲ
1386 1644 1507 1734 τὴν
1548 1646 1782 1736 κωφὴν
1826 1647 2009 1714 κόνιν
2068 1642 2197 1713 ἀπ’
2252 1644 2559 1734 ἀλλήλων
2630 1723 2635 1726 ,

293 1752 367 1808 47
409 1751 764 1834 διακρῖναι.
856 1755 958 1815 47.
1002 1751 1213 1814 ταῦτα
1273 1742 1337 1814 δ’
1405 1743 1481 1815 οὗ
1526 1752 1784 1833 πρῶτοι
1833 1749 2236 1833 χαράξουσιν
2293 1752 2359 1816 οι
2404 1750 2559 1833 ἐμοὶ

405 1852 579 1932 πρὸς
634 1851 791 1926 τοὺς
849 1845 1078 1928 αξίους
1133 1849 1407 1935 ἐρωτες,
1468 1845 1616 1916 ἀλλ’
1676 1846 1716 1940 ή
1764 1856 1959 1929 θεοῖς
2011 1858 2247 1938 γείτων
2304 1848 2557 1938 ἡρωϊκὴ

406 1954 732 2042 φρόνησις
778 1952 1282 2041 ἐνομοθέτησεν,
1331 1952 1399 2019 ἐν
1432 1952 1533 2031 οἷς
1578 1949 1612 2018 ὃ
1648 1954 1882 2041 φιλίας
1926 1954 2091 2037 ἔρως
2136 1949 2286 2036 ι’ἱχρι
2329 1957 2553 2022 θανά-
2578 1964 2669 2014 450

405 2083 525 2122 του
572 2055 1102 2134 συνεξέπνευσεν.
1197 2057 1423 2132 Φωκὶς
1479 2054 1549 2122 ἐκ
1606 2062 1865 2144 νηπίων
1922 2056 2023 2122 ἔτι
2074 2057 2330 2140 χρόνων
2376 2053 2561 2142 Ὀρέ-

410 2181 571 2246 στην
617 2157 897 2243 Πυλάδῃ
946 2160 1272 2245 συνῆψεν)
1326 2156 1497 2224 θεὸν
1543 2157 1615 2223 δὲ
1657 2161 1790 2225 τῶν
1834 2156 2009 2240 πρὸς
2054 2152 2377 2247 ἀλλήλους
2420 2185 2562 2225 πα-

407 2265 560 2325 θῶν
614 2266 890 2347 μεσίτην
953 2259 1266 2341 λαβόντες
1334 2255 1426 2336 ῶς
1484 2253 1595 2347 ἐφ’
1662 2258 1810 2338 ἐνὸς
1869 2257 2167 2348 σκάφους
2230 2265 2349 2327 τοῦ
2404 2268 2561 2347 βίου

411 2363 895 2427 συνέπλευσαν·
986 2354 1362 2449 ἀμφότεροι
1434 2361 2029 2448 Κλυταιμνήστραν
2112 2358 2395 2450 ἀνῄρουν
2468 2361 2564 2443 ὥς

401 2458 893 2550 Ἀγαμέμνονος
950 2463 1220 2544 παῖδες,
1277 2455 1401 2528 ὑπ’
1468 2457 1723 2550 ἀμφοῖν
1766 2463 2117 2548 Αἴγισθος
2174 2463 2560 2551 ἐφονεύετο·

409 2565 534 2644 τὰς
572 2561 882 2654 Ὀρέστην
929 2564 1329 2642 ἐλαυνούσας
1372 2564 1635 2643 Ποινὰς
1665 2565 1981 2652 Πυλάδης
2026 2565 2242 2634 ἐνόσει
2284 2569 2561 2649 μᾶλλον,

411 2674 777 2755 κρινομένῳ
836 2667 1326 2756 συνηγωνίζετο.
1430 2667 1550 2754 τὴν
1607 2668 1681 2733 δὲ
1738 2667 2055 2754 ἐρωτικὴν
2111 2671 2347 2756 φιλίαν
2406 2664 2564 2736 οὐδὲ

411 2785 560 2850 τοῖς
601 2776 718 2858 τῆς
757 2767 1066 2848 Ἑλλάδος
1111 2770 1296 2854 ὅροις
1343 2770 1739 2858 ἐμέτρησαν,
1800 2766 1950 2836 ἀλλ’
2004 2769 2122 2838 ἐπὶ
2165 2770 2320 2849 τοὺς
2366 2767 2563 2855 ἐσχά-

411 2896 570 2949 τους
625 2875 907 2938 Σκυθῶν
972 2877 1296 2957 τέρμονας
1361 2872 1693 2938 ἔπλευσαν
1708 2923 1726 2953 ,
1794 2868 1829 2940 ὅ
1890 2869 2011 2955 μὲν
2078 2876 2326 2952 νοσῶν,
2394 2870 2429 2940 o‘
2494 2875 2569 2940 δὲ

414 2975 840 3059 θεραπεύων.
914 2981 1031 3062 τῆς
1085 2977 1242 3060 γοῦν
1294 2980 1623 3062 Ταυρικῆς
1678 2978 1795 3064 γῆς
1839 2972 2315 3059 ἐπιβαίνοντας
2360 2971 2569 3054 εὐθὺς

413 3073 455 3166 ἡ
501 3075 943 3166 μητροκτόνος
991 3069 1230 3154 αὐτοὺς
1265 3069 1535 3157 Ἐρινὺς
1579 3076 2021 3166 ἐξενοδόχησε,
2066 3080 2181 3144 καὶ
2223 3081 2357 3143 τῶν
2398 3083 2571 3164 βαρ-

413 3179 641 3265 βάρων
701 3177 768 3245 ἐν
823 3177 1035 3264 κύκλῳ
1091 3177 1559 3263 περιεστώτων
1617 3174 1651 3243 ὃ
1700 3179 1821 3261 μὲν
1875 3176 2011 3246 ὑπὸ
2070 3183 2187 3266 τῆς
2232 3181 2572 3265 συνήθους

415 3288 662 3367 μανίας
704 3279 1206 3366 monh-&neam
1251 3280 1569 3368 Πυλάδης
1614 3280 1687 3347 δὲ

676 3377 896 3470 ἀφρόν
940 3377 1003 3448 τ’
1057 3377 1300 3466 ἆπέψα
1346 3382 1658 3467 σώματός
1699 3375 1764 3448 τ’
1816 3382 2117 3472 ἐτημέλει

678 3487 942 3552 πέπλου
986 3509 1060 3551 τε
1104 3479 1615 3570 προῦκάλυπτεν
1661 3480 2017 3572 εὖπήκτοις
2060 3481 2285 3572 ὑφαῖς,

421 3582 539 3653 οὐκ
613 3587 893 3671 ἐραστοῦ
963 3584 1208 3667 μόνον,
1297 3579 1469 3651 ἀλλὰ
1555 3587 1666 3652 καὶ
1741 3585 2000 3672 πατρὸς
2074 3584 2567 3670 ἐνδεικνύμενος

419 3678 616 3778 ἦθος.
725 3684 917 3773 ἡνίκα
989 3691 1144 3773 γοῦν
1211 3687 1446 3777 ἐκρίθη
1522 3693 1817 3772 θατέρου
1890 3695 2206 3772 μένοντος
2279 3689 2397 3756 ἐπὶ
2470 3693 2570 3776 τῷ

421 3795 840 3879 φονευθῆναι
911 3788 1028 3857 τὸν
1095 3789 1315 3876 ἕτερον
1385 3789 1451 3868 ἐς
1517 3791 1841 3879 Μυκήνας
1914 3784 2192 3857 ἀπιέναι
2255 3796 2570 3872 κομιοῦν-

421 3920 506 3958 τα
561 3893 948 3978 γράμματα,
1012 3897 1236 3975 μένειν
1293 3887 1463 3975 ὑπὲρ
1523 3887 1823 3980 ἀλλήλων
1890 3885 2265 3979 ἀμφότεροι
2321 3894 2570 3960 θέλου-

426 4019 533 4061 σιν
600 3991 906 4079 ἐκάτερος
972 3992 1039 4061 ἐν
1106 3999 1380 4080 θατέρῳ
1450 3993 1641 4074 ζῶντι
1710 3993 1820 4081 ζῆν
1886 3992 2119 4060 ἑαυτὸν
2184 3991 2568 4082 ἡγούμενος.
