2750 4534
463 269 586 329 1⁷6
1189 269 1569 324 Annouwto
1605 268 1873 323 carrch.

674 444 881 508 ἔοικεν
904 494 918 508 .
937 494 951 507 .
972 495 985 508 .
1004 494 1018 509 .
1046 461 1170 505 non
1197 447 1370 507 modo
1394 462 1486 506 no
1501 462 1544 505 n
1555 446 1757 521 pudet
1778 462 1908 506 eum
1929 444 2039 506 sed
2061 448 2238 506 etiam
2254 490 2269 506 .
2287 491 2303 507 .
2326 464 2377 526 .;
2408 445 2609 507 eadem

674 548 923 608 latinae:
969 565 1114 607 non
1149 547 1358 608 modo
1390 547 1532 623 (non
1560 547 1735 608 modo
1776 547 1917 623 non)
1955 590 1972 606 .
2002 598 2016 611 .
2056 591 2071 607 .
2100 548 2210 609 sed
2252 567 2331 609 ne
2360 549 2611 625 quidem.

672 682 754 694 —
803 650 1192 729 διηρμένα
1223 646 1250 729 fl
1281 651 1720 730 διῃρημένα
1763 648 1843 709 Β.

461 770 512 812 e.
544 756 642 811 10.
671 748 752 815 τὰ
791 751 941 832 ἔργα
985 748 1208 813 αὐτῶν
1252 747 1839 833 διηγησάμενοι
1880 746 1903 835 Ι
1944 747 2464 833 διηγησοόμεθα
2494 752 2565 816 Β.

461 873 514 914 c.
545 859 642 913 11.
675 850 915 929 δόξειεν
973 849 1055 915 ἂν
1110 848 1132 933 Ι
1185 849 1281 916 ἂν
1340 850 1543 931 δόξειε
1588 849 1803 917 ιΩΓΒ.
1865 886 1948 897 -
2004 854 2363 939 ἑκατέρῳ
2420 852 2441 937 fl
2483 855 2611 918 ἑκα-

670 956 802 1034 τέρ
821 977 924 1030 ως
967 950 1040 1033 Α,
1073 950 1289 1021 ΩΓΒ.

461 1077 514 1118 c.
546 1061 637 1121 12.
673 1059 938 1132 Σαμίων
981 1082 1036 1121 τ.
1070 1064 1341 1121 πολλῶν
1386 1055 1490 1132 α’μ.
1536 1054 1558 1139 Ι
1599 1054 1703 1133 α’μ.
1751 1066 1822 1121 Σ.
1870 1082 1923 1121 τ.
1960 1080 2023 1121 π.
2070 1052 2190 1121 ΓΒ.

460 1179 513 1220 c.
545 1164 642 1222 13.
675 1159 1226 1240 ἐπιμηχανῶνται
1266 1156 1286 1241 ΙΙ
1329 1178 1455 1221 om.
1502 1160 1627 1223 ἐπι
1676 1158 1809 1223 ΓΒ.
1858 1193 1944 1204 -
1989 1161 2130 1235 δέος
2172 1157 2365 1223 οὐδὲν
2408 1153 2495 1241 ἦν
2536 1155 2614 1240 μή

670 1286 744 1324 τι
789 1260 1078 1326 α’ντείποι
1119 1257 1141 1342 Ι
1183 1285 1346 1338 πως
1385 1261 1455 1321 Β
1478 1264 1670 1339 prima
1697 1278 1923 1322 manus.
1955 1296 2041 1308 —
2070 1258 2617 1343 παρεσκεύαστοΙ

665 1387 705 1427 κ
722 1360 1158 1428 ατεσκεύαστο
1203 1364 1281 1428 Β.
1331 1398 1415 1409 -

461 1486 514 1527 ο.
546 1472 641 1527 14.
672 1473 1016 1531 νεανίσκον
1061 1464 1182 1530 οὐκ
1228 1464 1491 1547 α’νῆκεν
1536 1467 1604 1528 ἐκ
1634 1473 1771 1529 τῶν
1801 1462 2061 1545 ὀνύχων
2103 1461 2126 1550 Ι
2167 1463 2445 1547 α’φῆκεν
2477 1466 2614 1530 Oob.

670 1603 756 1615 —
813 1574 1188 1650 διαπείρασα
1332 1569 1365 1628 ⁴?
1422 1567 1679 1629 fortasse
1734 1570 2020 1650 διαπέρ
2038 1585 2266 1645 σασα,
2328 1570 2509 1629 etiam
2562 1571 2620 1628 in

674 1691 854 1748 prosa
898 1675 1162 1734 oratione
1193 1675 1537 1748 usurpatum
1580 1672 1659 1732 de
1703 1671 2035 1733 hominibus
2080 1674 2310 1748 ,plane
2352 1688 2622 1733 corrum-

663 1779 879 1849 pere“.
913 1809 998 1821 -
1027 1770 1105 1838 τό
1134 1777 1251 1851 μὲν
1281 1770 1404 1854 γὰρ
1440 1780 1708 1854 πρῶτον
1754 1770 1951 1849 εὐθὺς
1996 1774 2207 1837 ἐκεῖνα
2251 1774 2331 1836 ἐπ
2351 1771 2367 1793 '
2413 1770 2621 1837 αὐτὸν

672 1881 880 1939 καθίει
905 1872 986 1939 τὰ
1008 1872 1370 1957 γραμμάτια
1394 1881 1501 1938 καὶ
1528 1883 1811 1956 συνεχῶς
1833 1878 2206 1957 πεμπομένη
2229 1872 2347 1955 τὴν
2368 1871 2623 1957 ἅβρανῙΙ

671 1978 868 2039 Locus
911 1995 1202 2054 perquam
1243 1979 1536 2057 turbatus,
1584 1995 1759 2053 quem
1796 1980 2101 2055 explicare
2145 1981 2366 2039 mutato
2412 1979 2624 2039 ordine

670 2080 896 2139 studui:
955 2075 1032 2142 τὸ
1087 2083 1204 2155 μὲν
1261 2077 1384 2161 γὰρ
1437 2086 1703 2161 πρῶτον
1748 2075 1945 2156 εὐθὺς
1989 2081 2069 2143 ἐπ
2084 2078 2099 2100 ’
2156 2077 2359 2144 αὐτὸν
2404 2087 2621 2144 καθίει

670 2177 787 2261 τὴν
833 2178 1042 2259 ἅβραν
1085 2188 1192 2245 καὶ
1223 2174 1507 2262 συνεχῶς
1544 2178 1918 2259 πεμπόμενα
1962 2183 2175 2246 ἐκεῖνα
2217 2179 2297 2246 τὰ
2327 2207 2621 2263 γραμμα-

671 2298 808 2347 τεῖα
853 2281 942 2361 ὡς
978 2282 1283 2367 ἐδάκρυσε
1323 2309 1380 2350 κ.
1415 2310 1467 2349 τ.
1504 2309 1549 2351 ε.
1585 2285 1749 2346 det.
1816 2285 1978 2347 Idem
2014 2286 2158 2347 ordo
2202 2288 2263 2345 in
2292 2304 2348 2345 e.
2386 2291 2463 2347 16
2508 2293 2618 2350 καὶ

671 2381 861 2462 αὖθις
903 2383 942 2467 ἣ
987 2382 1153 2467 ἅβρα
1195 2392 1302 2449 καὶ
1344 2382 1426 2450 τὰ
1469 2400 1876 2467 γραμματεῖα.

461 2507 513 2548 ο.
546 2491 640 2547 15.
665 2484 912 2569 χρυσὸν
957 2484 1207 2553 ὁπόσον
1253 2484 1669 2569 ἐθελήσειε
1700 2487 1725 2568 ΙΙ
1756 2484 2123 2569 ἐθελήσει
2173 2488 2308 2552 ΓΒ.

460 2609 512 2650 c.
545 2596 639 2651 16.
671 2586 869 2654 πάλαι
921 2586 1134 2654 εἰδότα
1180 2586 1268 2667 ὡς
1314 2590 1475 2670 ἔχει
1520 2614 1665 2655 πον.
1702 2586 1727 2672 ΙΙ
1759 2590 1891 2671 ἔχοι
1931 2584 2057 2651 ΓΒ.
2098 2624 2185 2637 -
2224 2587 2439 2666 μόνον
2481 2599 2620 2654 τῶν

674 2701 886 2771 φίλων
943 2689 1146 2757 αὐτὸν
1200 2687 1220 2772 ΙΙ
1275 2689 1486 2769 μόνον
1542 2689 1745 2756 αὐτὸν
1788 2718 1842 2757 τ.
1892 2716 1955 2770 φ.
2006 2688 2125 2757 ΓΒ.
2189 2726 2271 2737 -
2328 2690 2492 2756 διότι
2540 2746 2554 2758 .
2603 2745 2615 2757 .

674 2793 830 2871 τοὺς
880 2792 1163 2871 κόλακας
1205 2844 1220 2860 .
1265 2846 1285 2859 .
1334 2796 1443 2876 π”ρ
1468 2819 1507 2859 ο
1532 2801 1731 2870 ετίμ
1754 2818 1795 2857 α
1844 2820 1883 2857 τ
1906 2791 2053 2859 ότε
2104 2792 2126 2877 Ι
2178 2802 2617 2875 προετίμα,

673 2891 856 2958 τότε
900 2895 1063 2957 det.

463 3016 516 3057 c.
549 3001 644 3057 18.
677 2998 808 3061 εἴθε
851 3021 920 3077 γε
964 3045 978 3059 .
1010 3049 1024 3063 .
1060 3050 1073 3063 .
1125 2995 1467 3075 α’νώμοτος
1508 3006 1715 3062 ταῦτα
1758 2999 1983 3078 ἔλεγες,
2027 3000 2133 3061 ἵνα
2177 3003 2284 3061 καὶ
2325 2996 2618 3063 α’πιστεῖν

674 3096 767 3163 ἂν
813 3096 1134 3183 ἐδυνάμην
1181 3100 1405 3178 αὐτοῖς
1448 3097 1469 3182 ΙΙ
1510 3102 1626 3163 del.
1674 3099 1757 3165 ἂν
1802 3101 1946 3162 Gob.

463 3220 517 3263 c.
549 3207 643 3263 19.
675 3199 766 3279 ὡς
794 3198 872 3266 τὸ
902 3198 1137 3283 ῥόθιον
1168 3205 1678 3284 ἐπιδέχεσθαι
1722 3211 1834 3284 τῆς
1878 3200 2077 3285 ὁρμῆς
2117 3198 2137 3283 ΙΙ
2184 3203 2618 3282 ἐπέχεσθαι

672 3313 785 3378 „ut
825 3313 1030 3367 aesna·
1069 3308 1296 3382 impetu
1327 3309 1733 3382 privaretur“
1766 3306 2028 3383 Madvig.
2072 3337 2158 3349 —
2202 3304 2330 3367 ἐπὶ
2374 3328 2621 3383 κεφα-

672 3404 818 3490 λὴν
861 3403 882 3489 Ι
923 3409 1028 3471 ἐπὶ
1069 3404 1211 3489 τὴν
1254 3431 1309 3472 κ.
1362 3404 1577 3472 ῼΓΒ.

463 3529 516 3570 c.
543 3512 640 3574 20.
678 3508 1322 3593 συμπαρανήχεσθαι
1378 3507 1399 3593 ΙΙ
1440 3526 1566 3570 om.
1614 3526 1763 3586 συμ
1793 3509 1957 3570 det.
2004 3542 2086 3553 -
2129 3504 2275 3589 τὴν
2320 3505 2620 3588 ἀπόγνω-

675 3632 777 3677 σιν
819 3610 838 3695 ΙΙ
881 3619 1014 3677 καὶ
1056 3640 1107 3679 τ.
1158 3612 1344 3693 α’πογ.
1400 3612 1537 3677 ΓΒ.
1600 3644 1679 3657 --
1740 3609 1988 3676 δεδιότα
2046 3608 2130 3693 μὴ
2186 3609 2619 3693 προαπόλη-

672 3740 798 3779 ται
839 3713 860 3797 fl
903 3725 1369 3797 προαπολετται
1422 3715 1556 3780 ΓΒ.
1638 3715 1905 3791 (Constat
1948 3717 2102 3775 enim
2143 3714 2333 3774 verba
2372 3716 2619 3776 timendi

675 3821 934 3880 construi
977 3838 1157 3895 posse
1204 3836 1334 3879 oum
1378 3816 1463 3900 μὴ
1495 3822 1555 3877 et
1582 3818 1798 3896 futuro,
1844 3822 1909 3877 ut
1939 3816 2321 3895 significetur,
2370 3820 2619 3895 cogitari

675 3921 895 3982 factum
937 3924 1054 3981 iam
1101 3941 1264 4001 esse,
1325 3922 1485 3998 quod
1542 3938 1619 3980 ne
1675 3920 1778 3980 fiat
1817 3918 2114 3997 metuitur)
2156 3920 2402 3996 Madvig
2450 3920 2617 3995 Synt.

677 4027 714 4100 5
752 4027 888 4084 124.
934 4025 1090 4086 Adn.
1131 4032 1183 4086 1.
