2750 4534
824 250 1176 304 IUPPITTER
1211 250 1620 308 TRAGOEDUS.
2184 256 2304 315 187

361 419 476 503 τὴς
504 420 769 505 ἄριστος
799 420 822 505 ΙΙ
856 420 952 505 ἄρ.
990 448 1201 505 ποιητ.
1247 419 1425 487 mu*
1454 428 1598 487 Mat.
1645 460 1723 471 --
1771 431 1952 491 δοκεῖ
1969 452 2030 493 π.
2067 426 2164 510 ἄρ.
2217 430 2308 492 εἷ-

361 547 499 588 ναι
541 520 562 608 Ι
603 528 983 604 γενέσθαι
1027 522 1203 589 mu*
1234 528 1380 587 Mat.
1412 528 1549 593 Ddf.

146 646 199 687 c.
228 632 329 692 40.
368 624 933 709 ἀπομνημονεύων
975 636 1055 709 τῇ
1106 637 1171 693 Θ.
1221 630 1337 710 τὴν
1376 627 1616 710 χάριν
1647 628 1672 709 ΙΙ
1705 628 2183 713 εὐεργεσίαν
2215 632 2307 693 Of.

366 728 447 788 ad
474 730 604 805 Iup.
651 728 810 791 conf.
856 748 909 789 c.
951 735 1021 790 19
1051 734 1168 793 not.
1219 724 1397 793 ΩἋΓ
1426 734 1564 797 Mut.
1617 764 1699 777 -
1743 728 1900 797 ἄνευ
1945 740 2064 797 τοῦ
2109 731 2151 798 α’
2165 758 2309 797 πα·

364 838 625 895 τεῶνα
670 835 885 896 δοκεῖν
924 831 949 911 ΙΙ
981 830 1085 896 οἷπ.
1138 832 1351 897 εἶναι
1397 838 1446 898 δ.
1496 829 1674 897 mu*
1702 835 1846 896 Mut.

151 952 207 995 c.
233 939 340 994 41.
372 935 581 997 δέδιε
612 932 637 1013 ΙΙ
670 938 859 997 ἰδίει
903 935 1226 1014 Schwartz,
1258 936 1336 996 cf.
1369 955 1420 997 c.
1451 942 1550 997 16.
1595 970 1678 981 -—
1721 943 1854 1001 καὶ
1901 935 2315 1019 σωμάτιαΙΙ

366 1054 503 1096 cnm
547 1030 616 1095 Ω
661 1036 997 1117 delendum,
1040 1038 1198 1098 idem
1250 1039 1407 1099 enim
1452 1040 1615 1115 quod
1657 1041 2028 1117 praecedens
2073 1064 2310 1121 προγα-

366 1143 614 1220 στρίδια
668 1137 746 1200 cf.
793 1138 1263 1219 Sommerbrodt,
1324 1140 1400 1201 de
1458 1142 1748 1219 Aeschyli
1790 1161 1856 1203 re
1900 1144 2180 1204 scaenica
2224 1143 2312 1202 III

365 1244 448 1320 in,
492 1241 781 1303 Scaenica
823 1242 1111 1321 collecta;
1155 1262 1211 1319 p.
1250 1247 1370 1304 297
1407 1248 1468 1305 et
1500 1232 1664 1305 Uber
1708 1246 1814 1306 das
1857 1243 2157 1307 Sometion
2203 1247 2310 1306 der

366 1344 785 1421 griechischen
828 1344 1250 1421 Schauspieler
1290 1365 1353 1422 p.
1386 1350 1508 1407 273
1533 1364 1668 1423 sqq.

146 1466 201 1507 c.
229 1450 333 1506 42.
366 1451 628 1510 πολλοὶ
671 1445 791 1529 γὰρ
835 1450 909 1511 οὶ
954 1443 1256 1529 τάραχοι
1287 1444 1313 1529 ΙΙ
1344 1445 1568 1530 πολλὴ
1612 1473 1664 1528 γ.
1711 1439 1759 1529 ἡ
1798 1446 2078 1531 ταραχὴ.
2129 1443 2306 1511 0211*

365 1549 507 1613 Μυῒ.
556 1584 635 1593 -
684 1546 1035 1629 ἀντιπέραν
1068 1546 1091 1631 ΙΙ
1124 1548 1467 1631 ἀντιπέρας
1511 1547 1582 1631 Α,
1627 1547 1804 1614 9211*
1846 1554 1992 1612 Mat.
2039 1552 2151 1612 Bk.

144 1671 203 1713 c.
230 1657 335 1712 43.
367 1647 523 1728 τοὺς
577 1649 905 1733 χρησμοὺς
970 1675 1025 1716 κ.
1087 1650 1738 1734 προαγορεύσεις
1790 1652 1814 1733 ΙΙ
1866 1678 1920 1719 κ.
1991 1654 2132 1731 τὰς
2200 1677 2303 1735 πρ.

367 1753 664 1813 Schwartr
736 1788 815 1797 —
861 1759 925 1815 τί
965 1749 1086 1834 γὰρ
1098 1779 1123 1831 ,·
1176 1762 1432 1830 μᾶλλον
1477 1747 1515 1818 ὃ
1559 1765 1838 1836 Κροῖσος
1883 1807 1896 1820 .
1935 1800 1952 1816 .
1983 1808 1996 1820 .
2049 1755 2310 1821 αὐτοῦ

367 1851 569 1937 α’ρχὴν
889 1862 1115 1936 Κυροῦ
1169 1853 1511 1920 καταλύσει
1523 1882 1547 1935 ,·
1599 1855 1623 1937 ΙΙ
1677 1855 1935 1922 αὑτοῦ
2001 1858 2115 1918 Bk.
2160 1856 2308 1921 Ddf.

370 1959 565 2031 „Num
950 1960 1013 2018 'li
1055 1975 1349 2035 responso
1397 1962 1608 2023 audito
1645 1962 1900 2023 Croesus
1927 1963 2123 2037 maqis
2153 1978 2312 2038 pro·

360 2078 595 2137 pensus
1036 2079 1101 2120 *n
1146 2064 1466 2138 imperium
1509 2064 1962 2126 dissolvendum
1974 2065 2041 2124 ?“

144 2184 203 2225 c.
231 2170 335 2223 44.
367 2169 553 2227 τουτί
594 2187 634 2225 a.
1160 2160 1398 2243 ῗμαχον
1427 2161 1633 2228 κακὸν
1678 2166 1990 2246 ἐπῆλθεν;
2037 2156 2138 2239 ὥς
2183 2170 2314 2229 δαι-

368 2260 594 2343 μόνων
638 2288 737 2329 oz.
1278 2270 1490 2345 ίδεται,
1536 2318 1549 2331 .
1587 2317 1601 2331 .
1640 2310 1656 2327 .
1713 2264 1736 2349 ΙΙ
1789 2274 1976 2331 τουτί
2018 2292 2080 2332 π.
2132 2265 2185 2349 ἣ.
2236 2266 2313 2331 τὸ

364 2365 613 2447 ἄμαχον
658 2363 862 2431 κακὸν
906 2402 1016 2449 em,
1128 2392 1205 2447 as,
1252 2360 1344 2441 ὃς
1387 2372 1437 2432 δ.
1482 2366 1616 2433 οὐδ.
1669 2373 1968 2449 φείδεται,
2020 2370 2180 2433 det.
2219 2366 2313 2448 (A,

256 2468 263 2475 ’
363 2464 540 2532 mu*
569 2471 757 2548 Mun),
804 2487 917 2530 om.
964 2466 1164 2550 ἀνὴρ
1195 2469 1366 2532 det.
1456 2469 1594 2531 Sine
1632 2470 1811 2531 dubio
1843 2472 2004 2547 quod
2031 2472 2314 2532 nolebant

379 2568 417 2635 ὃ
434 2596 467 2647 ς
525 2570 749 2632 referre
806 2571 884 2630 ad
940 2568 1188 2651 ἄμαχον
1244 2567 1453 2635 κακόν
1508 2576 1882 2632 mutaverunt
1939 2567 1976 2635 ὃ
1992 2596 2023 2648 ς
2079 2575 2141 2631 in
2200 2570 2309 2648 ὡς.

364 2675 523 2735 Male
579 2673 822 2734 inlatum
880 2677 1075 2733 autem
1130 2692 1263 2734 esse
1319 2671 1485 2758 ἀνὴρ
1575 2675 1677 2735 vel
1720 2673 1858 2735 inde
1900 2678 2094 2753 patet,
2153 2674 2312 2749 quod

366 2776 769 2838 adversarium
813 2793 1113 2850 nunquam
1140 2778 1403 2836 nominat
1431 2771 1616 2857 α’νήρ,
1661 2776 1770 2837 sed
1807 2795 1940 2836 cum
1971 2779 2312 2852 contemptu

367 2879 620 2955 quodam
665 2874 1020 2959 ἄνθρωπος
1064 2878 1139 2937 cf.
1169 2895 1351 2953 snpra
1381 2897 1433 2938 c.
1468 2884 1547 2939 44
1588 2873 1749 2957 τάχα
1794 2874 2046 2959 προϊὼν
2091 2877 2129 2942 ὁ
2176 2874 2308 2942 ἄν·

361 2988 695 3061 θρωπος
739 2970 969 3057 ἅψεται
1012 2983 1120 3041 καὶ
1163 2986 1298 3042 τῶν
1343 2985 1730 3061 κορυφαίων
1773 2976 1968 3058 τινός.
2021 2985 2082 3042 et
2116 2999 2168 3040 c.
2206 2985 2303 3045 45.

366 3080 561 3145 τοῦτ’
591 3077 715 3159 ἐγώ
769 3076 895 3163 πρὸ
954 3088 1213 3144 πολλοῦ
1264 3078 1631 3163 ἠπιστάμην
1688 3083 1964 3165 ἐροῦντα
2008 3080 2128 3147 τὸν
2175 3079 2219 3146 ἆ
2233 3107 2310 3146 ν-

363 3192 739 3264 θρωπον,
784 3184 986 3261 paullo
1030 3182 1189 3243 infra
1214 3184 1485 3264 θαρρεῖν
1508 3181 1630 3267 χρὴ
1675 3190 1781 3249 καὶ
1812 3193 1948 3250 τῶν
1979 3180 2310 3250 τοιούτων

368 3284 979 3366 ἀνθρωπίσκων
1024 3300 1474 3367 καταφρονεῖν.

146 3408 205 3450 c.
234 3394 336 3450 46.
370 3385 669 3453 οὔκουν
712 3387 735 3466 ΙΙ
780 3385 1078 3451 οὐκοῦν
1138 3386 1191 3450 21
1248 3390 1376 3449 sine
1435 3390 1606 3466 signo
1671 3389 2166 3465 interrogationi&
2232 3420 2304 3430 —

365 3487 405 3571 ἢ
452 3497 609 3567 ναῦς
652 3492 769 3565 μὲν
814 3486 960 3553 οὐκ
1006 3489 1226 3552 ἔπλει
1270 3488 1294 3569 ΙΙ
1339 3486 1459 3554 οὐκ
1505 3487 1586 3553 ἂν
1633 3489 1930 3550 Schwartz
1958 3482 2134 3551 mu*
2163 3489 2307 3548 Μαι.

368 3626 455 3637 -
497 3586 683 3671 Εὖγε,
737 3599 1011 3670 Τιμοκλ.,
1059 3598 1263 3654 ταῦτα
1307 3596 1415 3654 καὶ
1463 3595 1809 3672 ἰσχυρῶς
1852 3598 1947 3675 τῷ
1975 3593 2309 3671 παραδειγ-

366 3718 519 3772 ματι
550 3692 575 3773 ss
608 3688 790 3777 [εὖγε]
836 3700 1195 3769 συνετῶς
1236 3700 1491 3756 ταῦτα
1536 3689 1573 3755 ὃ
1611 3702 1666 3757 Τ.
1703 3688 1803 3770 (Γ)
1849 3698 1956 3757 καὶ
2003 3695 2310 3777 ἰσχυρῷ

371 3804 467 3881 τῷ
510 3800 967 3877 παραδείγματι
1024 3794 1342 3857 Schwartz.
1434 3793 1524 3854 Of.
1571 3812 1624 3854 c.
1673 3798 1744 3856 51
1809 3795 1942 3857 ἐπεὶ
1997 3801 2107 3873 τῆς
2148 3790 2308 3870 νεὼς

368 3895 457 3962 τὸ
503 3893 1009 3980 παράδειγμα
1056 3895 1138 3961 οὐ
1183 3893 1357 3961 πάνυ
1391 3912 1492 3959 σοι
1538 3892 1874 3977 ἰσχυρὸν
1919 3896 2082 3961 εἶναι
2113 3900 2301 3962 δοκεῖ.

156 4024 208 4065 c.
234 4009 339 4064 47.
372 4000 738 4076 ἀλυσιτελὲς
784 4003 848 4064 δὲ
894 3998 1042 4065 οὐδὲ
1088 3997 1334 4079 ἄλογον
1382 3997 1570 4063 οὐδὲν
1603 3998 1724 4078 εἶχέ
1750 4024 1809 4062 τι
1837 3996 1875 4079 ἡ
1907 4006 2068 4076 ναῦς
2099 3994 2122 4081 ΙΙ
2156 3997 2309 4063 ἄλυ-
