2750 4534
929 277 1211 330 ΤοΞΑΡιΣ
1244 277 1289 329 u
1325 279 1527 334 ψιΛιΑ.
1729 260 1737 264 “
2248 251 2327 336 ‘77

173 449 392 528 δόξας.
458 456 737 527 Καίτοι,
785 447 945 535 ἔφη,
994 439 1120 533 ἐγώ
1168 445 1583 534 διηγησάμην
1630 443 1811 532 αὐτῷ
1854 445 1969 514 τὸν
2017 449 2329 524 πλοῦτον,

171 548 428 629 ὁπόσος
471 545 612 618 ἐστί
641 574 778 633 μοι,
827 545 1017 632 ὖμᾶς,
1065 535 1121 614 ῶ
1150 547 1477 635 Λογχάτα
1519 551 1631 616 καὶ
1662 553 2009 629 Μακέντα,
2054 553 2166 616 καὶ
2208 549 2330 636 τὴν

171 647 436 720 εὔνοιαν
497 651 612 740 τὴν
656 647 977 736 ὑμετέραν
1033 649 1208 717 πολὺ
1256 644 1509 733 άμείνω
1568 653 1681 717 καὶ
1721 655 2160 737 βεβαιοτέραν
2211 657 2330 739 τῆς

170 757 632 838 Βοσπορανῶν
677 752 1037 836 δυνάμεως.
1081 745 1234 818 ἀλλ’
1273 747 1437 836 εμοῦ
1482 756 1697 819 ταῦτα
1742 751 2110 831 διεξιόντος
2154 750 2331 841 ἡμᾶς

80 871 156 921 553
171 857 290 938 μὲν
337 848 644 938 ἐχλεύαζε
699 857 812 922 καὶ
855 854 1285 943 κατεφρόνει,
1338 847 1739 974 Ἀδυρμάχῳ
1798 854 1869 920 δὲ
1911 858 2009 941 τῷ
2053 855 2332 938 Μάχλυϊ

171 959 556 1046 παρέδωκεν
614 951 902 1042 ἀπάγειν
955 956 1077 1045 τὴν
1135 957 1429 1045 νύμφην,
1493 949 1601 1023 ότι
1651 959 1901 1042 χρυσᾶς
1953 982 2027 1024 τε
2080 957 2333 1045 φιάλας

171 1059 432 1146 ἐλέγετο
488 1059 657 1142 ε’χειν
716 1059 875 1126 δέκα
932 1062 1042 1126 καὶ
1088 1054 1352 1142 ἁμάξας
1408 1061 1872 1146 τετρακλίνους
1926 1054 2330 1148 ὀγδοήκοντα

169 1167 276 1231 καὶ
326 1162 645 1248 πρόβατα
701 1165 812 1229 καὶ
854 1165 1018 1246 βοῦς
1061 1160 1374 1239 πολλούς.
1450 1154 1664 1240 ου’τως
1709 1188 1840 1250 αρα
1884 1169 2331 1251 προετίμησεν

171 1260 432 1352 ἀνδρῶν
491 1259 772 1352 ἀγαθῶν
824 1264 1218 1352 βοσκήματα
1275 1260 1497 1331 πολλὰ
1556 1268 1670 1332 καὶ
1714 1261 2079 1347 ἐκπώματα
2137 1271 2334 1351 περί-

173 1393 326 1454 εργα
369 1371 484 1434 καὶ
530 1363 795 1450 ἁμάξας
835 1372 1134 1452 βαρείας.
1203 1359 1361 1452 Ἐγώ
1411 1365 1514 1447 δέ,
1574 1352 1629 1432 ῶ
1674 1367 1900 1454 φίλοι,
1960 1361 2053 1434 δι’
2108 1360 2333 1454 ἇμφό-

170 1494 327 1555 τερα
376 1463 704 1553 ἀνιῶμαι,
755 1472 869 1536 καὶ
909 1468 1037 1557 γὰρ
1083 1467 1213 1556 ἐρῶ
1255 1471 1377 1556 τῆς
1422 1467 1746 1548 Μαζαίας
1787 1472 1900 1536 καὶ
1943 1465 1982 1558 ἦ
2026 1462 2218 1555 ῦβρις
2264 1467 2355 1556 ἐν,

170 1568 521 1649 τοσούτοις
565 1565 964 1656 ἀνθρώποις
1009 1564 1087 1636 οῦ
1131 1577 1420 1656 μετρίως
1461 1596 1589 1653 μου
1633 1575 1973 1652 καθίκετο,
2022 1568 2215 1654 οἶμαι
2258 1572 2330 1637 δὲ
2368 1653 2374 1660 ·

171 1675 277 1739 καὶ
321 1669 501 1757 ὑμᾶς
546 1666 661 1739 ἐπ’
712 1672 865 1760 ἰ’σης
907 1666 1310 1759 ἠδικῆσθαι·
1368 1670 1445 1738 τὸ
1492 1672 1619 1758 γὰρ
1661 1679 1887 1758 τρίτον
1932 1675 2135 1758 μετῆν
2181 1671 2331 1740 ἐκά-

174 1797 306 1861 στῳ
364 1771 551 1858 ὑμῶν
605 1777 725 1863 τῆς
770 1769 1078 1857 ἀτιμίας,
1139 1775 1206 1841 εἴ
1243 1798 1318 1861 γε
1361 1766 1537 1841 οὕτω
1592 1778 1869 1859 βιοῦμεν
1927 1771 2018 1852 ὥς
2063 1769 2188 1862 ἀφ’
2254 1769 2330 1842 οὗ

175 1875 718 1964 συνεληλύθαμεν
763 1875 860 1954 εἷς
893 1871 1266 1963 ἅνθρωπος
1309 1873 1499 1955 ὄντες
1540 1879 1652 1943 καὶ
1694 1875 1778 1943 τὰ
1824 1870 1993 1942 αὐτὰ
2042 1870 2332 1960 ἀνιῶμε-

175 2003 274 2046 νοι
317 1981 435 2046 καὶ
480 1977 561 2043 τὰ
611 1971 778 2044 αὐτὰ
820 1985 1183 2064 χαίροντες.
1258 1978 1354 2046 Οὐ
1387 1978 1611 2061 μόνον,
1660 1979 1943 2046 ἐπεῖπεν
1987 1976 2022 2046 5
2056 1979 2332 2065 Λογχά-

173 2106 305 2168 της,
354 2075 508 2147 ἀλλ’
549 2079 821 2158 ἕκαστος
865 2076 1054 2199 ἡμῶν
1101 2073 1258 2158 ὅλος
1300 2073 1633 2165 ὕβρισται,
1679 2077 1892 2148 ὖπότε
1939 2081 2018 2148 σὺ
2056 2084 2332 2148 τοιαῦτα

177 2182 454 2285 ἔπαθες.
525 2189 628 2249 47.
672 2186 838 2260 Πῶς
883 2169 1017 2263 οῦν,
1065 2179 1100 2249 5
1151 2188 1513 2270 Μακέντης
1557 2183 1706 2270 ἔφη,
1749 2183 2145 2310 χρησόμεθα
2190 2199 2332 2263 τοῖς
2367 2193 2436 2247 4⁷

177 2280 505 2410 παροῦσις
567 2285 1011 2368 Διελώμεθα,
1070 2283 1199 2373 ε’φη
1258 2280 1293 2351 5
1343 2283 1871 2374 Λογχάτης,τὸ
1934 2285 2154 2370 ε’ργον·
2220 2289 2331 2352 καὶ

178 2384 294 2470 ἐγώ
369 2387 490 2469 μὲν
555 2383 1011 2469 ὑπισχνοῦμαι
1069 2382 1460 2474 Ἀρσακόμᾳ
1531 2386 1651 2474 τὴν
1714 2385 2013 2512 κεφαλὴν
2075 2402 2332 2470 κομιεῖν

175 2491 288 2554 τοῦ
331 2488 794 2570 Λευκάνορος,
855 2489 928 2555 σε
977 2489 1048 2555 δὲ
1089 2487 1210 2610 χρὴ
1256 2487 1402 2606 ‘cvij
1422 2487 1683 2576 νύμφην
1728 2487 2089 2580 ἐπανάγειν
2136 2484 2333 2576 αύτῷ.

185 2589 374 2656 Ουτω
434 2595 764 2676 γινέσθω,
825 2590 976 2680 ε’φη.
1052 2589 1132 2656 σὺ
1180 2591 1288 2671 δέ,
1347 2587 1401 2655 ῶ
1440 2583 1859 2677 Ἀρσακόμα,
1919 2587 1987 2656 ἐν
2031 2592 2331 2678 τοσούτω

183 2728 252 2737 -
299 2691 476 2769 εἰκὸς
529 2691 654 2778 γὰρ
715 2694 826 2759 καὶ
875 2695 1196 2777 στρατιᾶς
1248 2695 1358 2759 καὶ
1420 2694 1719 2775 πολέμου
1773 2691 1850 2758 τὸ
1904 2690 2071 2775 μετὰ
2130 2697 2329 2760 τοῦτο

179 2793 432 2882 δεήσειν
488 2790 666 2913 ημᾶς
712 2831 793 2841 -
841 2788 1046 2860 αὐτοῦ
1105 2798 1483 2878 περιμένων
1546 2791 1888 2881 συνάγειρε
1941 2796 2052 2860 καὶ
2109 2818 2331 2877 παρα-

179 2894 442 2975 σκεύαζε
485 2888 667 2962 όπλα
697 2897 810 2962 καὶ
841 2895 1102 2972 ἵππους
1145 2898 1254 2962 καὶ
1286 2893 1407 2980 τὴν
1441 2889 1644 3016 αλλην
1691 2893 1969 2979 δύναμιν
2014 2891 2106 2973 ῶς
2136 2898 2331 2963 πλεί-

178 3018 349 3084 στην.
417 2997 633 3084 ρᾷστα
693 2995 762 3062 δ’
821 3024 903 3062 αν
950 2995 1244 3074 πολλους
1295 2996 1755 3082 προσαγάγοις
1798 2990 2000 3075 αὐτός
2051 3022 2125 3063 τε
2170 2996 2331 3083 ἀγα-

175 3097 303 3175 θός
362 3124 456 3165 ων
499 3102 611 3165 καὶ
656 3094 815 3187 ἡμῖν
877 3097 994 3165 οῦκ
1037 3097 1282 3184 ὀλίγων
1327 3094 1541 3166 ὅντων
1588 3099 1871 3180 οἰκείων,
1916 3098 2214 3183 μάλιστα
2260 3100 2331 3165 δὲ

178 3199 234 3265 εἰ
274 3201 594 3282 καθέζοιο
654 3199 771 3268 ἐπὶ
815 3204 933 3289 τῆς
975 3201 1222 3288 βύρσης
1277 3204 1395 3267 τοῦ
1437 3205 1617 3286 βοός.
1694 3200 1880 3279 ε’δοξε
1924 3205 2164 3282 ταῦτα,
2218 3205 2327 3268 καὶ

178 3297 209 3366 5
240 3304 362 3385 μὲν
408 3302 635 3391 ἐχώρει
682 3299 774 3380 ὥς
807 3299 976 3386 εἶχεν
1022 3300 1226 3380 εὐθυς
1271 3301 1389 3370 ἐπὶ
1435 3306 1555 3369 τοῦ
1584 3303 1943 3430 Βοσπόρου
1988 3299 2023 3370 5
2057 3299 2329 3389 Λογχά-

93 3411 306 3491 554της,
353 3401 390 3470 5
424 3411 784 3494 Μακέντης
828 3404 900 3471 δέ
932 3403 1046 3471 ἐπὶ
1089 3403 1244 3481 τοὺς
1274 3401 1623 3487 Μάχλυας,
1674 3401 1974 3492 ἱππότης
2003 3402 2329 3490 ἑκάτερος,

177 3500 209 3570 5
256 3505 328 3572 δὲ
366 3500 796 3632 Ἀρσακόμας
855 3506 1032 3573 οίκοι
1084 3511 1301 3590 μένων
1360 3521 1503 3584 τοῖς
1556 3531 1628 3572 τε
1671 3502 2057 3595 ἡλικιώταις
2118 3506 2329 3573 διελέ-

177 3630 320 3690 γετο
365 3611 476 3674 καὶ
509 3601 762 3688 ω’πλιζε
809 3608 1088 3693 δύναμιν
1132 3634 1321 3694 παρα
1365 3611 1499 3676 τῶν
1541 3607 1822 3684 οἰκείων,
1867 3609 2057 3685 τέλος
2104 3607 2176 3673 δὲ
2218 3611 2328 3674 καὶ

179 3706 286 3776 ἐπὶ
332 3721 451 3796 τῆς
489 3710 740 3798 βύρσης
787 3708 1160 3790 ἐκαθέζετο.
1237 3715 1341 3778 48.
1387 3711 1463 3778 τὸ
1515 3710 1586 3777 δὲ
1631 3709 1796 3788 έθος
1838 3705 1999 3798 ἡμῖν
2043 3709 2121 3777 τὸ
2168 3713 2325 3795 περὶ
2356 3721 2431 3778 48

177 3809 290 3896 τὴν
331 3811 587 3897 βύρσαν
633 3811 848 3891 οὕτως
892 3813 1063 3894 ἔχειί
1105 3811 1385 3880 ἐπειδὰν
1432 3806 1783 3900 ἀδικηθείς
1826 3837 1932 3890 τις
1969 3811 2143 3900 πρὸς
2188 3811 2328 3880 ἐτέ-

178 3938 287 3993 ρου
335 3911 732 3999 ἀμύνασθαι
787 3915 1196 4000 βουλόμενος
1261 3916 1371 4003 ἰ’δῃ
1432 3909 1595 3982 καθ’
1662 3913 1899 3982 ἑαυτὸν
1968 3910 2082 3982 οῦκ
2144 3909 2328 3994 ἄξιό-

178 4039 376 4098 μαχος
433 4012 557 4092 ὤν,
609 4020 772 4100 βοῦν
834 4017 1137 4103 ἱερεύσας
1192 4017 1278 4085 τὰ
1321 4019 1443 4102 μὲν
1505 4023 1663 4103 κρέα
1706 4017 2098 4103 κατακόψας
2146 4011 2329 4107 ἥψη-
