2750 4534
421 215 544 275 160
1305 219 1679 273 ΔΟΥΚΙΑΝΟΥ

416 387 840 475 κολασθῆναί
881 405 1065 455 τινα·
1128 389 1475 477 ἱερομηνία
1530 382 1655 475 γάρ
1704 386 1914 469 ἐστιν,
1974 384 2067 465 ὥς
2107 387 2283 468 ἰ’στε,
2343 390 2593 473 μηνῶν

419 489 672 556 τούτων
729 490 1093 577 τεττάρων,
1152 493 1264 559 καὶ
1321 487 1450 580 ἤδη
1506 489 1627 577 τὴν
1688 490 2045 577 ἐκεχειρίαν
2104 489 2592 578 περιηγγειλά-

418 618 566 680 μην.
636 591 702 670 ἐς
748 597 960 659 νέωτα
993 578 1107 659 οῦν
1153 586 1519 679 ἀρχομένου
1551 580 1713 680 ἦρος
1755 595 1943 660 κακοὶ
1974 616 2191 671 κακως
2234 586 2591 659 ἀπολοῦν-

417 720 534 761 ται
573 697 670 780 τῷ
717 695 1104 781 σμερδαλέῳ
1143 698 1460 782 κεραυνῷ.

659 782 700 883 ἦ
746 799 854 864 καὶ
903 802 1254 885 κυανέῃσιν
1297 792 1410 863 ἐπ’
1467 790 1721 885 ὀφρύσι
1766 800 1955 863 νεῦσε
1996 802 2324 881 Κρονίων.
2612 812 2696 861 790

314 907 395 966 84
423 904 526 967 34.
572 902 730 986 περὶ
777 900 849 966 δὲ
895 905 1272 968 Μενίππου
1315 902 1545 982 ταῦτα,
1592 898 1743 988 ε’φη,
1790 924 1911 982 μοι
1954 899 2164 967 δοκεῖ·
2223 923 2595 987 περιαιρε-

419 1006 634 1068 θέντα
680 995 882 1069 αὐτὸν
907 1000 994 1067 τὰ
1025 1000 1260 1087 πτερά,
1305 1001 1420 1068 ἵνα
1454 998 1543 1089 μὴ
1588 1004 1702 1069 καὶ
1734 986 1938 1080 αυθις
1984 1001 2153 1089 ἔλθῃ
2198 1006 2384 1082 ποτέ,
2434 998 2589 1069 ὖπό

418 1107 538 1171 τοῦ
577 1100 813 1191 Ἑρμοῦ
859 1102 924 1183 ἐς
970 1102 1089 1191 τὴν
1131 1108 1250 1193 γῆν
1303 1106 1785 1193 κατενεχθῆναι
1826 1103 2127 1190 τήμερον.
2210 1107 2320 1170 καὶ
2365 1100 2398 1171 ὁ
2455 1106 2593 1189 μὲν

420 1210 631 1273 ταῦτα
677 1204 890 1274 εἰπών
935 1206 1197 1274 διέλυσε
1251 1204 1370 1273 τὸν
1416 1208 1768 1292 σύλλογον,
1828 1204 1943 1288 ἐμὲ
1988 1205 2059 1273 δὲ
2116 1232 2153 1272 ο
2199 1205 2593 1295 Κυλλήνιος

421 1310 540 1375 τοῦ
593 1308 812 1387 δεξιοῦ
858 1301 1030 1387 ὠτὸς
1087 1302 1564 1394 ἀποκρεμάσας
1608 1310 1767 1393 περὶ
1824 1305 2115 1393 ἑσπέραν
2152 1307 2319 1390 χθὲς
2374 1314 2592 1375 κατέ-

422 1416 599 1501 θηκε
643 1415 867 1500 φέρων
913 1408 982 1489 ἐς
1023 1408 1142 1477 τὸν
1183 1409 1617 1496 Κεραμεικόν.

573 1505 874 1580 Ἄπαντα
919 1506 1233 1600 ἀκήκοας,
1294 1504 1584 1593 ἅπαντα,
1632 1537 1684 1577 ω
1732 1511 1971 1597 εταῖρε,
2016 1510 2101 1578 τὰ
2148 1510 2221 1591 ἐξ
2262 1505 2588 1598 οὐρανοῦ.

426 1640 668 1699 απειμι
722 1620 945 1682 τοίνυν
987 1616 1100 1681 καὶ
1151 1626 1296 1692 τοῖς
1343 1612 1412 1680 ἐν
1465 1618 1549 1703 τῇ
1593 1616 1881 1702 Ποικίλῃ
1940 1617 2396 1699 περιπατοῦσι
2440 1618 2592 1681 τῶν

423 1717 824 1805 φιλοσόφων
872 1710 1038 1783 αὐτὰ
1081 1720 1293 1783 ταῦτα
1339 1710 1933 1803 ευαγγελιούμενος.
