2750 4534
911 238 1466 293 ῙΚΑΡΟΜΕΝΙΠΠΟΣ.
2142 232 2173 289 1
2184 232 2265 291 43

116 417 255 476 τίνα
311 410 568 494 τρόπον
635 405 854 499 ἤρθης
922 406 1062 477 ἄνω
1120 413 1228 476 καὶ
1286 406 1553 477 ὁπόθεν
1618 408 1918 493 ἐπορίσω
1978 408 2266 489 κλίμακα

118 511 502 601 τηλικαύτην
559 509 634 578 τὸ
683 518 1009 598 μέγεθος,·
1066 511 1150 579 τὰ
1192 513 1314 598 μὲν
1370 512 1495 599 γὰρ
1555 506 1733 599 ἀμφὶ
1789 508 1907 599 τὴν
1961 505 2126 595 ὄψιν
2191 500 2265 574 οὗ

119 607 286 679 πάνυ
342 612 566 691 ἔοικας
623 612 851 699 ἐκείνῳ
907 618 1004 700 τῷ
1053 622 1296 700 Φρυγί,
1358 608 1529 680 ὥστε
1586 618 1697 680 καὶ
1758 608 1931 701 ἡμᾶς
1986 610 2266 690 εἰκάζειν

119 717 217 780 καὶ
291 716 367 782 σὲ
443 715 914 802 οἰνοχοήσοντά
990 743 1125 783 που
1201 710 1633 802 ἀνάρπαστον
1694 719 2030 801 γεγονέναι
2094 711 2269 797 πρὸς

119 820 225 883 τοῦ
268 811 494 885 ἀετοῦ.

279 925 510 986 ΜΕΝ.
600 919 690 986 Σὺ
735 921 857 1005 μὲν
913 922 1132 988 πάλαι
1177 920 1505 987 σκώπτων
1551 921 1749 1008 δῆλος
1794 916 1883 999 εἶ,
1937 922 2047 985 καὶ
2092 924 2268 984 θαυ-

125 1022 369 1104 μαστὸν
417 1015 610 1089 οὐδὲν
657 1023 724 1089 εἴ
755 1046 866 1090 σοι
911 1022 986 1089 τὸ
1022 1024 1407 1112 παράδοξον
1450 1027 1571 1091 τοῦ
1604 1023 1800 1109 λόγου
1843 1022 2046 1108 μύθῳ
2092 1021 2271 1087 δοκεῖ

127 1130 516 1212 προσφερές.
591 1119 760 1210 ἀτὰρ
807 1120 998 1193 οὐδὲν
1044 1124 1272 1215 ἐδέησέ
1314 1152 1435 1211 μοι
1464 1124 1639 1212 πρὸς
1682 1125 1801 1213 τὴν
1833 1121 2073 1191 ἄνοδον
2120 1118 2271 1191 οὔτε

49 1238 116 1287 754
129 1229 231 1314 τῆς
258 1229 582 1346 κλίμακος
612 1222 764 1294 οὔτε
792 1231 910 1293 τοῦ
941 1228 1227 1296 παιδικὰ
1274 1229 1595 1314 γενέσθαι
1625 1231 1745 1295 τοῦ
1776 1222 1975 1294 ἀετοῦ
1994 1247 2009 1260 ·
2059 1226 2270 1294 οἰκεῖα

129 1328 238 1411 γάρ
282 1355 363 1416 ην
407 1355 528 1412 μοι
574 1329 657 1396 τὰ
705 1330 938 1415 πτερά.

285 1436 594 1497 ΕΤΛΙΡ.
705 1434 915 1497 Τοῦτο
981 1432 1103 1516 μὲν
1157 1428 1282 1521 ἤδη
1348 1434 1460 1499 καὶ
1518 1429 1687 1517 ὑπὲρ
1752 1429 1870 1499 τὸν
1926 1430 2272 1497 Δαίδαλον

134 1529 416 1617 ἔφησθα,
468 1532 534 1598 εἴ
557 1556 630 1618 γε
661 1531 835 1616 πρὸς
878 1547 1021 1611 τοῖς
1052 1529 1285 1612 ἄλλοις
1329 1528 1677 1622 ἐλελήθεις
1721 1529 1895 1620 ἡμᾶς
1942 1532 2130 1616 ἱέραξ
2169 1557 2273 1609 τις

131 1620 163 1716 ἢ
202 1632 465 1711 κολοιὸς
513 1631 586 1711 ἐξ
627 1632 998 1721 ἀνθρώπου
1042 1634 1412 1721 γενόμενος.

293 1740 516 1801 ΜΕΝ.
586 1729 868 1821 Ὀρθῶς,
919 1722 975 1802 ὦ
1007 1736 1247 1824 ἑταῖρε,
1291 1741 1404 1805 καὶ
1451 1730 1567 1804 οὐκ
1603 1733 1743 1803 ἀπο
1791 1739 2047 1803 σκοποῦ
2093 1736 2273 1802 ε’ίκα-

139 1855 270 1913 σας·
314 1836 390 1903 τό
442 1839 851 1904 Δαιδάλειον
894 1838 1021 1924 γὰρ
1067 1837 1275 1906 ἐκεῖνο
1321 1839 1631 1928 σόφισμα
1675 1850 1810 1905 τῶν
1855 1842 2119 1926 πτερῶν
2162 1840 2275 1904 καὶ

141 1930 320 2016 αὐτὸς
365 1938 895 2029 ἐμηχανησάμην.

295 2046 351 2107 3.
399 2045 707 2108 ETAIP.
797 2038 984 2123 Εἶτα,
1033 2028 1085 2107 ὦ
1130 2043 1585 2131 τολμηρότατε
1628 2037 1919 2119 πάντων,
1976 2037 2092 2109 οὐκ
2137 2041 2275 2108 ἐδε-
2303 2062 2346 2119 3

147 2139 370 2221 ὁοίκεις
413 2143 507 2231 μὴ
553 2147 662 2211 καὶ
711 2138 791 2211 σύ
837 2170 971 2211 που
1017 2150 1134 2231 τῆς
1170 2145 1515 2235 θαλάττης
1558 2144 1959 2212 καταπεσών
2003 2151 2279 2212 Μενίπ-

150 2243 323 2310 πειόν
376 2272 448 2312 τι
494 2249 788 2331 πέλαγος
829 2243 988 2336 ἡμῖν
1035 2240 1265 2332 ὥσπερ
1319 2247 1395 2315 τὸ
1440 2248 1713 2333 Ἰκάριον
1758 2242 2119 2334 ἀποδείξῃς
2166 2245 2277 2313 ἐπὶ

147 2347 230 2428 τῷ
271 2351 555 2415 σεαυτοῦ
599 2343 918 2433 ὂνόματι;

300 2455 529 2517 ΜΕΝ.
627 2444 986 2534 Οὐδαμῶς·
1046 2447 1080 2517 ὃ
1137 2452 1256 2534 μὲν
1311 2447 1723 2540 γάρ”Ικαρος
1782 2444 1899 2517 ἅτε
1942 2454 2120 2538 κηρῷ
2164 2449 2283 2535 τὴν

153 2554 468 2636 πτέρωσιν
524 2549 970 2641 ἡρμοσμένος,
1041 2552 1272 2640 ἐπειδὴ
1337 2553 1617 2636 τάχιστα
1685 2552 1859 2636 πρὸς
1924 2552 2039 2619 τὸν
2096 2545 2284 2638 ἥλιον

157 2645 377 2733 ἐκεῖνος
446 2654 674 2773 ἐτάκη,
751 2655 1251 2744 πτερορρυήσας
1323 2654 1596 2733 εἰκότως
1660 2659 2056 2721 κατέπεσεν·
2131 2649 2285 2743 ἡμῖν

159 2749 219 2815 δὲ
260 2747 576 2841 ἀκήρωτα
611 2782 690 2843 ην
732 2755 818 2822 τὰ
863 2751 1234 2841 ὠκύπτερα.

309 2862 614 2924 ΕΤΛΙΡ.
688 2862 854 2937 Πῶς
884 2861 1128 2944 λέγεις,·
1169 2854 1294 2947 ἤδη
1338 2857 1463 2944 γὰρ
1497 2851 1613 2925 οὗκ
1658 2853 1789 2925 οἶδ’
1843 2852 2031 2935 ὅπως
2076 2851 2287 2945 ἠρέμα

162 2978 229 3033 με
268 2960 630 3047 προσάγεις
674 2960 846 3047 πρὸς
887 2960 1007 3047 τὴν
1053 2956 1382 3051 ἀλήθειαν
1432 2964 1551 3051 τῆς
1596 2961 1981 3051 διηγήσεως.

89 3059 150 3109 '155
312 3067 538 3128 MEN.
608 3056 760 3129 Ὧδέ
803 3080 984 3141 πως·
1043 3058 1239 3130 ἀετὸν
1285 3058 1610 3153 εὐμεγέθη
1659 3063 2025 3148 συλλαβών,
2073 3061 2172 3129 ἐ’τι
2219 3062 2290 3127 δὲ

165 3160 322 3239 γῦπα
372 3168 508 3231 τῶν
551 3167 884 3251 καρτερῶν
931 3159 1290 3249 ἀποτεμὼν
1342 3159 1579 3244 αὐταῖς
1623 3160 1902 3244 ὠλέναις
1944 3164 2030 3230 τὰ
2074 3164 2288 3249 πτερὰ

168 3307 221 3325 ..
252 3314 265 3329 .
297 3315 310 3330 .
340 3268 596 3349 μᾶλλον
643 3266 714 3333 δὲ
762 3270 874 3334 καὶ
917 3270 1148 3333 πᾶσαν
1193 3266 1266 3345 ἐξ
1293 3262 1496 3357 ἀρχῆς
1538 3267 1659 3354 τὴν
1705 3267 2033 3348 ἐπίνοιαν,
2082 3267 2147 3333 εἴ
2183 3289 2293 3333 σοι

169 3366 361 3454 σχολή,
410 3368 639 3453 δίειμι.

317 3474 621 3538 ΕΤΛΙΡ.
710 3472 902 3539 Πάνυ
946 3472 1068 3555 μὲν
1114 3456 1260 3537 οὖν·
1315 3468 1408 3550 ῶς
1452 3470 1576 3557 ἐγώ
1627 3494 1738 3538 σοι
1779 3470 2110 3557 μετέωρός
2155 3470 2295 3554 εἶμι

175 3559 286 3635 ὑπὸ
329 3577 464 3640 τῶν
497 3573 710 3659 λόγων
753 3578 864 3641 καὶ
897 3572 1070 3659 πρὸς
1113 3572 1189 3641 τὸ
1223 3576 1411 3652 τέλος
1454 3568 1579 3661 ἤδη
1610 3579 1845 3662 κέχηνα
1888 3577 2007 3658 τῆς
2051 3566 2295 3659 ἀκροά-

176 3687 348 3749 σεως·
394 3675 562 3762 μηδὲ
591 3675 767 3760 πρὸς
812 3678 1046 3764 φιλίου
1075 3700 1160 3759 με
1191 3676 1500 3763 περιίδῃς
1546 3670 1684 3742 ἶίνω
1729 3700 1863 3742 που
1908 3678 2025 3761 τῆς
2071 3674 2296 3763 διηγή-

178 3789 322 3851 σεως
365 3776 432 3843 ἐκ
475 3781 612 3843 τῶν
656 3773 846 3843 ω’των
893 3772 1374 3866 ἀπηρτημένον.

327 3885 381 3946 4.
428 3884 657 3945 ΜΕΝ.
689 3874 932 3946 ’Ἀκουε
973 3885 1228 3946 τοίνυν·
1276 3873 1352 3945 οὗ
1382 3878 1508 3965 γὰρ
1541 3872 1807 3946 ἀστεῖόν
1850 3904 1923 3965 γε
1958 3878 2031 3945 τὸ
2065 3884 2297 3964 θέαμα
2324 3903 2367 3956 4

179 3980 464 4062 κεχηνότα
521 3982 720 4068 φίλον
779 3980 1274 4068 ἐγκαταλιπεῖν,
1333 3984 1446 4049 καὶ
1501 3984 1709 4047 ταῦτα
1769 3976 1861 4059 ῶς
1918 3979 1997 4047 σὺ
2046 3980 2178 4070 φὴς
2231 3981 2299 4048 ἐκ
