2750 4534
375 234 453 289 VI

374 430 578 490 natur.
652 425 735 490 Et
763 425 1038 491 cernitur
1079 443 1255 507 sane,
1301 424 1650 492 dummodo
1678 425 1850 492 adsit
1888 436 2065 495 reeta
2091 430 2279 514 ratio,
2320 452 2504 499 aceu-

375 567 517 626 rata
557 579 766 626 rerum
826 561 1294 644 verborumque
1338 561 1619 644 cognitio
1637 611 1655 642 ,
1713 561 1934 628 debita
1976 565 2270 649 seriptori
2327 587 2505 634 reve·

376 698 603 779 rentia,
650 695 927 780 denique
964 695 1137 779 quod
1171 697 1432 780 egregie
1460 698 1781 781 praecipit
1807 698 2218 783 Fritzsehius,
2262 703 2319 769 si
2346 701 2508 768 nihil

379 831 703 914 antiquius
749 831 1018 898 habetur
1070 851 1259 915 quam
1318 838 1391 897 ut
1432 833 1500 897 in
1558 833 1759 916 ipsius
1804 836 2131 918 scriptoris
2186 839 2509 921 ingenium

380 974 684 1050 tanquam
729 967 798 1032 in
839 965 1105 1049 aliquod
1147 967 1495 1033 sacrarium
1538 974 1874 1050 penetrare
1918 965 2236 1036 conemur.

550 1101 780 1167 Errant
806 1100 1018 1184 igitur,
1051 1101 1162 1184 qui
1191 1101 1332 1168 sola
1359 1100 1631 1166 libidine
1661 1110 1987 1186 correptos
2016 1124 2250 1171 vanam
2280 1107 2511 1189 glorio-

383 1239 510 1304 lam
559 1256 670 1304 eos
714 1242 973 1321 captare
1005 1235 1289 1320 eredunt,
1336 1235 1447 1319 qui
1481 1237 1862 1305 coniecturis
1906 1241 2207 1323 supplere
2236 1241 2511 1325 student,

383 1393 549 1458 quae
593 1374 741 1438 libri
785 1391 912 1438 non
955 1371 1388 1454 suppeditant.

553 1508 651 1576 Ae
679 1506 761 1573 de
806 1506 1107 1573 universa
1137 1504 1397 1589 quidem
1428 1504 1721 1574 codicum
1750 1506 2125 1575 condicione
2169 1528 2515 1593 eorumque

383 1645 667 1728 familiis,
711 1650 781 1709 ut
807 1643 938 1710 vol.
968 1641 1000 1706 1
1029 1642 1100 1707 P.
1136 1645 1166 1706 1
1215 1661 1364 1725 pag.
1385 1641 1475 1706 VI
1496 1635 1499 1638 ’
1518 1645 1898 1725 promissum
1943 1650 2059 1725 est,
2104 1644 2169 1709 in
2198 1646 2518 1713 volumine

385 1779 574 1846 tertio
619 1778 759 1844 sive
802 1798 845 1842 a
886 1795 991 1842 me
1033 1777 1174 1844 sive
1214 1776 1298 1841 ab
1344 1794 1458 1857 ee,
1516 1777 1628 1859 qui
1670 1795 1848 1842 meas
1890 1784 2107 1861 partes
2150 1781 2521 1865 susceperit,

385 1914 742 1981 aeeuratius
815 1918 1115 1995 qnantum
1187 1909 1327 1977 fieri
1400 1913 1635 1994 poterit
1710 1911 2155 1997 disputabitur.
2272 1914 2527 1982 Interea

389 2048 927 2133 quemadmodum
970 2049 1036 2113 in
1083 2048 1402 2131 prioribus
1443 2049 1731 2131 partibus
1772 2049 2016 2116 factum
2061 2057 2177 2132 est,
2223 2052 2417 2119 etiam
2459 2053 2527 2118 in

389 2187 512 2254 hae
555 2187 898 2253 voluminis
941 2192 1124 2269 parte
1153 2204 1269 2252 suo
1315 2186 1585 2268 quisque
1632 2205 1741 2252 ore
1784 2186 1943 2269 quid
1985 2187 2247 2258 valeant
2288 2188 2524 2272 singuli

382 2323 467 2388 ad
510 2323 777 2389 Lueiani
821 2322 1060 2406 scripta
1101 2321 1497 2388 restituenda
1537 2321 1881 2405 proferant.

553 2460 895 2526 Testantur
965 2465 1180 2526 autem
1250 2477 1329 2520 ne
1398 2477 1583 2520 unum
1648 2456 1931 2542 quidem.
1964 2457 2065 2520 vel
2120 2457 2521 2540 qravioribus

383 2594 618 2658 mendis
659 2615 917 2666 vacare,
963 2596 1244 2662 omnium
1287 2601 1502 2660 autem
1549 2595 1969 2662 certissimum
2012 2614 2155 2662 esse
2216 2591 2519 2658 Vindobo-

381 2751 632 2797 uemem
670 2733 746 2814 B,

555 2863 630 2932 Ω
683 2865 1081 2931 Marcianum
1137 2873 1202 2932 et
1264 2866 1330 2925 Γ
1392 2863 1749 2928 Vaticanum
1803 2887 1921 2951 par
1985 2868 2201 2940 nobile
2255 2864 2519 2931 fratrum

386 3006 624 3089 ubique
668 3004 810 3088 pari
850 3001 981 3068 fide
1025 3003 1383 3086 probatum,

555 3140 885 3223 egregium
913 3137 1326 3202 Mutinensem
1370 3154 1561 3219 quem
1605 3142 1816 3201 tamen
1860 3135 2207 3218 lugendum
2250 3142 2348 3202 est
2389 3154 2517 3201 non

384 3278 584 3344 semel
629 3277 756 3343 situ
809 3276 1067 3358 aliaque
1123 3281 1480 3359 temporum
1542 3273 1876 3355 iniquitate
1932 3268 2354 3338 deformatum
2372 3321 2388 3352 ,
2448 3278 2518 3336 ut

383 3413 738 3478 litterarum
781 3410 1025 3477 formae
1071 3410 1395 3477 oculorum
1438 3409 1646 3476 aeiem
1688 3405 1881 3476 facile
1924 3407 2251 3491 effugiant.

553 3543 979 3610 Laurentium·
1008 3545 1230 3611 Vitelli
1275 3551 1340 3610 et
1381 3563 1527 3612 meo
1556 3563 1867 3610 eonsensu
1911 3563 1955 3610 a
1996 3543 2268 3611 diversis
2297 3543 2516 3626 scripti

388 3706 529 3754 eam
573 3691 840 3770 partem,
887 3703 1052 3767 quae
1095 3683 1578 3765 antiquissimae
1622 3701 1846 3749 manus
1890 3683 1994 3764 sit,
2038 3680 2271 3764 (eoque
2314 3681 2517 3747 solam

387 3824 453 3889 in
498 3840 708 3887 meum
751 3840 936 3888 usum
980 3819 1303 3893 collatam)
1346 3819 1605 3902 plurimi
1647 3817 2027 3885 faciendam.

560 3955 973 4020 Harleianum
1016 3962 1083 4021 et
1115 3956 1324 4039 ipsum
1368 3957 1435 4020 in
1465 3954 1797 4021 meliorum
1841 3970 2103 4019 numero
2134 3919 2518 4036 habendum,

2708 0 2729 480 l
