2750 4534
465 285 545 344 22
1343 285 1751 349 [ΛΟΥΚΙΑΝΟΥ]

460 454 630 539 μετὰ
677 454 796 543 τὴν
840 453 1169 543 τοσαύτην
1214 453 1643 543 παρασκευὴν
1685 461 1867 539 βίος,·
1913 448 2118 532 εὗθὺς
2162 449 2299 521 άπὸ
2346 459 2467 541 τῆς
2510 455 2611 522 οἰ-

461 565 611 635 κίας
668 556 919 639 ἔξοδοι,
975 559 1089 624 καὶ
1134 561 1272 634 πᾶς
1327 556 1495 635 θεὸς
1542 557 1633 644 (†)
1690 557 2056 642 ἐπιτρίβων
2110 558 2266 636 τοὺς
2321 583 2607 646 γεγαμη-

461 657 680 739 κότας,
729 652 821 725 ὦν
867 657 1060 725 ἐνίων
1091 659 1158 724 οἱ
1201 659 1677 744 κακοδαίμονες
1722 654 1958 742 ἄνδρες
2003 653 2155 726 οὐδὲ
2200 654 2370 726 αὐτὰ
2415 661 2608 727 ἰ’σασι

461 759 548 827 τὰ
581 753 899 843 ὀνόματα,
945 753 1324 840 Κωλιάδας,
1371 759 1433 826 εἰ
1476 760 1679 843 τύχοι,
1725 763 1835 826 καὶ
1882 767 1945 826 Γ
1940 762 2357 840 ενετυλλίδας
2400 752 2441 851 ἢ
2486 761 2607 850 τὴν

466 867 764 948 Φρυγίαν
821 861 1108 944 δαίμονα
1165 865 1276 928 καὶ
1318 860 1437 928 τὸν
1482 863 1823 947 δυσέρωτα
1866 866 2086 946 κῶμον
2143 861 2259 930 ἐπὶ
2302 867 2400 948 τῷ
2442 889 2604 930 ποι-
2627 880 2701 928 444

341 1008 346 1012 -
459 969 632 1046 μένι.
718 965 976 1028 τελεταὶ
1035 963 1106 1030 δὲ
1167 957 1544 1052 ἀπόρρητοι
1598 968 1711 1031 καὶ
1748 968 1957 1048 χωρὶς
2012 957 2272 1050 ἀνδρῶν
2326 957 2608 1030 ῧποπτα

459 1057 793 1152 μυστήρια
847 1065 957 1128 καὶ
1003 1100 1084 1110 -
1130 1070 1199 1130 τί
1253 1062 1380 1150 γὰρ
1439 1064 1543 1131 δεῖ
1598 1065 2025 1147 περιπλέκειν
2040 1094 2062 1147 ,·
2116 1103 2201 1112 -
2252 1066 2605 1153 διαφθορὰ

461 1168 695 1250 ψυχῆς.
771 1162 1050 1231 ἐπειδὰν
1096 1165 1168 1231 δὲ
1202 1165 1458 1231 τούτων
1504 1159 2001 1251 ἀπαλλαγῶσιν,
2048 1170 2223 1234 οικοι
2268 1161 2475 1246 εὐθὺς
2519 1168 2604 1235 τὰ

458 1266 678 1350 μακρὰ
725 1265 1001 1351 λουτρά,
1047 1269 1158 1334 καὶ
1205 1267 1573 1354 πολυτελὴς
1614 1269 1737 1351 μὲν
1780 1267 1855 1357 νὴ
1900 1275 2041 1336 Δία
2084 1269 2410 1368 τράπεζα,
2473 1298 2605 1338 πο-

459 1369 574 1448 λυς
617 1369 690 1436 δὲ
735 1365 770 1437 ὅ
803 1367 972 1453 μετὰ
1017 1373 1150 1436 τῶν
1186 1363 1447 1456 ἀνδρῶν
1494 1364 1830 1455 άκκισμός.
1906 1370 2182 1438 ἐπειδὰν
2224 1371 2349 1458 γὰρ
2396 1369 2604 1459 ὖπέρ-

456 1474 646 1539 πλεω
687 1477 1007 1558 γένωνται
1051 1486 1201 1551 ταῖς
1242 1466 1412 1558 παρ’
1466 1466 1700 1550 αὐταῖς
1740 1481 2323 1560 γαστριμαργίαις,
2380 1469 2597 1543 ουκέτ’

454 1569 612 1642 ουδὲ
674 1579 794 1641 τοῦ
851 1575 1184 1663 φάρυγγος
1242 1569 1476 1654 αυταῖς
1534 1576 2046 1661 παραδέχεσθαι
2112 1577 2479 1660 δυναμένου
2535 1605 2602 1644 τι

457 1683 705 1758 σιτίον,
767 1672 993 1762 ἄκροις
1054 1676 1401 1755 δακτύλοις
1458 1677 1957 1766 ἐπιγράφουσαι
2012 1682 2141 1744 τῶν
2193 1685 2604 1764 παρακειμέ-
2623 1696 2693 1745 443

457 1805 587 1847 νων
634 1777 907 1845 ἕκαστον
964 1773 1413 1866 ἀπογεύονται
1466 1780 1701 1858 νύκτας
1759 1779 1876 1848 ἐπὶ
1933 1780 2197 1860 τούτοις
2253 1782 2603 1870 διηγούμε-

456 1907 564 1948 ναι
621 1883 732 1949 καὶ
789 1880 946 1959 τοὺς
1007 1880 1448 1968 ἐνερόχρωτας
1504 1874 1757 1961 ῧπνους
1810 1886 1921 1950 καὶ
1980 1883 2357 1973 θηλύτητος
2410 1879 2603 1966 εὖνὴν

441 1989 814 2067 «γέμουσαν,
875 1977 1001 2070 ἀφ’
1051 1977 1131 2070 ἧς
1175 1978 1471 2062 ἀναστὰς
1516 1983 1789 2062 ἕκαστος
1848 1979 2015 2052 εὐθὺ
2064 1989 2341 2074 λουτροῦ
2380 1982 2604 2072 χρεῖός

455 2083 656 2151 ἐστιν.

340 2195 427 2257 „43
627 2192 729 2253 43.
794 2189 1002 2253 Ταυτὶ
1058 2187 1179 2270 μὲν
1237 2174 1350 2254 οὖν
1412 2182 1786 2267 εὖσταθοῦς
1837 2195 1991 2273 βίου
2050 2190 2403 2278 τεκμήρια·
2464 2195 2600 2258 τῶν

454 2288 526 2354 δὲ
557 2293 969 2373 πικροτέρων
1016 2289 1082 2356 εἴ
1106 2315 1211 2368 τις
1241 2289 1589 2379 ἐθελήσειε
1630 2289 1707 2358 τὸ
1742 2285 1997 2379 ἇληθὲς
2028 2292 2197 2359 κατὰ
2225 2299 2428 2377 μέρος
2458 2293 2599 2372 ἒξε-

449 2388 699 2471 τάζειν,
763 2417 973 2470 οντως
1027 2391 1475 2478 καταράσεται
1537 2399 1902 2482 Προμηθεῖ
1954 2393 2076 2482 τὴν
2134 2396 2599 2482 Μενάνδρειον

451 2491 702 2581 ἐκείνην
748 2487 1135 2581 ἆπορρήξας
1179 2495 1434 2582 φωνήν·

666 2589 814 2663 Εἶτ’
867 2623 944 2663 ου
989 2598 1264 2674 δικαίως
1306 2589 2117 2684 προσπεπατταλευμένον

660 2697 994 2786 γράφουσι
1039 2697 1156 2766 τὸν
1199 2705 1581 2788 Προμηθέα
1626 2699 1798 2786 πρὸς
1841 2714 1990 2778 ταῖς
2033 2706 2346 2826 πέτραις,
2617 2717 2690 2768 446

659 2803 771 2867 καὶ
813 2795 1020 2885 γίνετ’
1073 2794 1253 2888 αυτῷ
1299 2803 1590 2885 λαμπάς,
1638 2800 1801 2868 αλλο
1850 2797 1913 2867 δ’
1966 2798 2184 2869 οὐδὲ
2163 2805 2231 2870 ἐν

662 2897 958 2986 άγαθόν,·
1001 2902 1038 2969 ὃ
1083 2917 1306 2986 μισεῖν
1353 2898 1492 2987 οἶμ’
1548 2898 1857 2984 ἅπαντας
1896 2904 2051 2984 τοὺς
2094 2905 2319 2987 θεούς,

657 3018 970 3089 γυναῖκας
1016 3003 1326 3086 ε’πλασεν,
1373 3003 1425 3070 ὠ
1471 3008 1920 3094 πολυτίμητοι
1965 3013 2139 3090 θεοί,

659 3105 861 3185 ἐ’θνος
900 3107 1166 3229 μιαρόν.
1238 3122 1439 3194 γαμεῖ
1480 3133 1583 3185 τις
1628 3103 2034 3196 ἀνθρώπων,
2078 3125 2307 3197 γαμεῖς

658 3207 936 3291 λάθριοι
979 3208 1055 3276 τὸ
1101 3209 1345 3277 λοιπὸν
1386 3212 1511 3296 γὰρ
1558 3210 1927 3294 επιθυμίαι
1968 3220 2185 3290 κακαί,

655 3313 961 3399 γαμηλίῳ
1009 3313 1181 3394 λέχει
1225 3337 1298 3378 τε
1341 3310 1575 3396 μοιχὸς
1620 3312 1959 3402 ἐντρυφῶν

629 3416 767 3479 ,καὶ
816 3427 1228 3500 φαρμακεῖαι
1271 3419 1384 3482 καὶ
1430 3415 1645 3482 νόσων
1685 3416 2163 3498 χαλεπώτατος

657 3515 952 3603 φθόνος,
999 3510 1166 3599 μεθ’
1219 3511 1298 3583 οὗ
1343 3517 1419 3606 ζῇ
1464 3517 1688 3585 πάντα
1731 3517 1848 3587 τὸν
1888 3524 2040 3602 βίον
2082 3519 2261 3606 γυνή.

443 3622 548 3694 τίς
589 3621 799 3683 ταῦτα
841 3616 926 3684 τὰ
974 3611 1204 3702 ἀγαθὰ
1251 3618 1511 3701 διώκεις
1568 3625 1703 3686 τίνι
1743 3626 1893 3704 βίος
1950 3617 1985 3686 ὃ
2036 3619 2353 3710 δυστυχὴς
2398 3615 2595 3699 οὗτος

339 3725 417 3780 44
446 3719 786 3807 θυμήρης,·
849 3727 952 3786 44.
1001 3715 1190 3798 ἄξιον
1217 3727 1443 3788 τοίνυν
1482 3715 1861 3790 ἀντιθεῖναι
1906 3736 2047 3800 τοῖς
2076 3722 2321 3813 θήλεσι
2364 3739 2595 3802 κακοῖς

440 3818 560 3906 τὴν
593 3815 838 3907 ἄρρενα
881 3824 1015 3888 τῶν
1046 3822 1311 3889 παίδων
1352 3817 1631 3912 ἀγωγήν.
1706 3819 1989 3909 ὄρθριος
2034 3818 2330 3902 ἀναστὰς
2376 3822 2444 3890 ἐκ
2474 3830 2595 3912 τῆς

443 3915 679 4009 ἆζύγου
736 3929 962 4011 κοίτης
1013 3922 1132 3990 τὸν
1191 3923 1305 3990 ἐπὶ
1364 3928 1499 3990 τῶν
1545 3919 1863 4009 ὀμμάτων
1921 3925 2019 3992 ἔτι
2078 3925 2319 3993 λοιπὸν
2374 3919 2590 3994 ῧπνον
2610 3941 2689 3990 447

335 4043 344 4088 ε
443 4017 958 4110 ἀπονιψάμενος
999 4017 1195 4093 ῧδατι
1241 4028 1405 4112 λιτῷ
1460 4029 1569 4093 καὶ
1614 4025 1734 4110 τὴν
1780 4027 2053 4108 στερεὰν
2091 4028 2396 4112 χλαμύδα
2440 4044 2595 4108 ταῖς
