2750 4534
473 257 556 316 68
1339 256 1754 320 [mmmm]

476 420 879 515 Δημήτριος,
926 429 1100 503 θέας
1141 426 1264 509 μὲν
1308 428 1442 493 τῶν
1489 424 1920 510 πυραμίδων,
1970 417 2355 509 ἀκροάσεως
2402 425 2476 491 δὲ
2518 431 2627 492 τοῦ

477 533 858 612 nummos,
905 521 1403 595 ἀναπεπλεύκει
1446 526 1616 595 κατὰ
1645 527 1763 594 τὸν
1795 529 2043 594 Νεῖλον
2090 526 2273 594 ἕκτον
2302 522 2430 617 ἤδη
2461 531 2629 614 μῆνα

479 624 852 715 ὀκνήσαντα
899 627 1073 714 πρὸς
1128 627 1250 716 τὴν
1294 627 1456 696 ὅδόν
1505 632 1616 696 καὶ
1663 628 1738 696 τὸ
1786 628 2065 707 θάλπος
2110 622 2479 696 άπολιπών
2522 629 2630 696 τὸν

375 726 888 820 28Ἀντίφιλον.
964 734 1066 798 28.
1114 726 1149 797 ὁ
1187 730 1259 797 δὲ
1292 728 1361 797 ἐν
1392 730 1693 817 τοσούτῳ
1739 733 2056 818 συμφορᾷ
2087 728 2416 818 ἐχρήσατο
2459 730 2633 814 μάλα

478 839 783 919 γενναίου
851 831 1034 910 τινὸς
1102 834 1306 919 φίλου
1364 832 1677 919 δεομένῃ·
1746 831 2004 919 οἰκέτης
2066 829 2191 917 γὰρ
2250 825 2458 898 αὐτοῦ
2514 829 2633 897 Σύ-

482 959 598 1018 ρος
640 936 752 1002 καὶ
797 928 1090 1017 τοῦνομα
1133 937 1244 1000 καὶ
1289 932 1410 1022 τὴν
1438 933 1757 1018 πατρίδα,
1806 933 2177 1018 ἱεροσύλοις
2218 935 2359 1000 τισὶ
2404 959 2634 1000 κοινω-

485 1039 689 1124 νήσας
735 1037 1138 1122 συνεισῆλθέ
1183 1061 1257 1102 τε
1303 1029 1534 1113 αὐτοῖς
1578 1033 1646 1114 ἐς
1687 1033 1763 1102 τὸ
1805 1028 2262 1119 Ἀνουβίδειον
2305 1039 2422 1102 καὶ
2468 1032 2634 1102 άπο-

486 1138 891 1225 συλήσαντες
932 1137 1050 1205 τὸν
1093 1137 1262 1206 θεὸν
1299 1140 1551 1226 χρυσᾶς
1594 1162 1668 1204 τε
1698 1137 1952 1226 φιάλας
1998 1137 2115 1204 δύο
2160 1140 2271 1205 καὶ
2314 1138 2633 1225 κηρύκιον,

481 1244 766 1327 χρυσοῦν
809 1243 920 1308 καὶ
965 1243 1197 1320 τοῦτο,
1254 1243 1367 1308 καὶ
1411 1237 1902 1328 κυνοκεφάλους
1948 1232 2269 1325 ἀργυροῦς
2311 1243 2429 1307 καὶ
2474 1235 2636 1306 ἄλλα

487 1344 766 1409 τοιαῦτα
811 1347 1174 1408 κατέθεντο
1221 1340 1448 1407 πάντα
1492 1338 1681 1425 παρὰ
1724 1342 1823 1426 τῷ
1867 1340 2089 1427 Σύρῳ·
2136 1333 2259 1407 εἶτ’
2312 1339 2637 1424 ἐμπεσόν·
2726 1321 2731 1498 ᾧ

486 1468 596 1522 τες
639 1482 720 1494 -—
767 1443 1071 1511 ἑάλωσαν
1113 1442 1240 1530 γάρ
1285 1469 1354 1509 τι
1402 1436 1953 1527 άπεμπολοῦντες
1996 1481 2078 1492 -
2124 1436 2396 1509 ἅπαντα
2444 1437 2639 1521 εὐθὺς
2728 1499 2730 1506 .

489 1544 716 1631 ε’λεγον
772 1543 1285 1630 στρεβλούμενοι
1340 1543 1459 1611 ἐπὶ
1513 1547 1633 1611 τοῦ
1677 1548 1915 1628 τροχοῦ
1970 1545 2084 1611 καὶ
2131 1537 2450 1629 ἀγόμενοι
2492 1539 2639 1632 ἧκον
2728 1509 2733 1686 Ι

492 1645 609 1714 ἐπὶ
640 1645 757 1735 τὴν
789 1646 1006 1714 οἰκίαν
1048 1650 1168 1713 τοῦ
1191 1640 1580 1734 Ἀντιφίλοι
1624 1649 1735 1713 καὶ
1766 1646 1851 1712 τὰ
1881 1645 2108 1733 φώρια
2153 1645 2467 1733 ἐξέφερον
2511 1643 2639 1713 ὑπὸ

489 1750 674 1837 κλίνῃ
733 1752 865 1816 τινὶ
926 1748 993 1815 ἒν
1040 1752 1357 1835 σκοτεινῷ
1402 1755 1690 1831 κείμενα.
1766 1741 1804 1814 ό
1848 1773 1923 1814 τε
1976 1734 2090 1816 οῦν
2134 1748 2346 1833 Σύρος
2389 1747 2645 1816 ἐδέδετο

494 1843 700 1926 εὐθὺς
758 1853 866 1916 καὶ
927 1845 960 1917 o‘
1014 1849 1346 1937 δεσπότης
1407 1843 1611 1916 αὐτοῦ
1648 1842 2073 1938 Ἀντίφιλος,
2136 1843 2331 1928 οὗτος
2373 1852 2501 1933 μὲν
2543 1877 2647 1918 και

491 1950 740 2036 μεταξὺ
801 1945 1222 2037 ἀκροώμενος
1274 1956 1396 2019 τοῦ
1441 1952 1847 2019 διδασκάλου
1892 1946 2397 2039 αναρπασθείς·
2462 1953 2649 2039 ἐβοή-

493 2059 614 2121 θει
659 2055 730 2122 δὲ
761 2047 998 2134 οῦδείς,
1046 2049 1216 2122 ἆλλὰ
1245 2058 1358 2122 καὶ
1398 2056 1464 2122 οἱ
1494 2060 1661 2133 τέως
1704 2054 1960 2140 ἑταῖροι
2007 2048 2517 2142 ἀπεστρέφοντο
2564 2053 2715 2133 ὥςᾶᾶῡ

493 2155 570 2223 τὸ
612 2151 1070 2241 Ἀνουβίδειον
1129 2152 1536 2245 σεσυληκότα
1592 2160 1705 2224 καὶ
1752 2151 2056 2246 ἀσέβημα
2112 2150 2327 2223 αὐτῶν
2370 2153 2647 2246 ἡγοῦντο

498 2255 705 2340 εἶναι,
768 2257 828 2326 εἰ
874 2259 1192 2327 συνέπιόν
1236 2285 1407 2326 ποτε
1450 2249 1493 2348 ἢ
1540 2259 2108 2348 συνειστιάθησαν
2153 2253 2354 2344 αὐτῷ.
2431 2263 2543 2326 καὶ
2592 2261 2647 2325 οἱ

500 2362 732 2427 λοιποὶ
779 2361 850 2426 δὲ
894 2365 1024 2426 τῶν
1069 2360 1374 2438 οἰκετῶν,
1424 2359 1542 2428 δύο
1588 2356 1803 2443 ὄντες,
1853 2360 2122 2427 ἅπαντα
2166 2358 2237 2426 ἐκ
2280 2363 2397 2449 τῆς
2442 2360 2654 2437 οἰκίας

393 2473 472 2530 29
501 2462 1068 2547 συσκευασάμενοι
1134 2458 1385 2550 ᾤχοντο
1452 2463 1828 2551 φεύγοντες.
1933 2468 2035 2532 29.
2104 2461 2367 2529 ἐδέδετο
2437 2449 2558 2529 οῦν
2622 2459 2651 2528 ὃ

501 2560 748 2644 ἄθλιος
768 2558 1157 2653 Ἀντίφιλος
1198 2564 1412 2632 πολὺν
1454 2559 1580 2654 ἤδη
1618 2564 1878 2650 χρόνον,
1926 2561 2245 2631 ἁπάντων
2291 2557 2447 2630 ὅσοι
2490 2551 2653 2650 ἦσαν

499 2671 848 2754 κακοῦργοι
917 2666 986 2734 ἐν
1041 2671 1140 2754 τῷ
1198 2668 1634 2756 δεσμωτηρίῳ
1699 2667 2127 2752 μιαρώτατος
2182 2663 2355 2734 εἶναι
2414 2666 2654 2733 δοκῶν“

500 2774 611 2837 καὶ
657 2765 691 2836 ὃ
729 2768 846 2837 ἐπὶ
889 2773 1022 2836 τῶν
1053 2770 1314 2853 δεσμῶν
1343 2769 1751 2856 Αἰγύπτιος,
1798 2769 2235 2852 δεισιδαίμων
2267 2763 2653 2853 ἅνθρωπος,

505 2867 673 2957 ᾠέτο
729 2870 855 2957 γὰρ
895 2877 1293 2956 χαριεῖσθαι
1337 2874 1451 2939 καὶ
1493 2872 1895 2961 τιμωρήσειν
1939 2875 2037 2959 τῷ
2079 2874 2259 2957 θεῷ,
2310 2871 2525 2956 βαρὺς
2568 2874 2655 2956 τῷ

494 2967 866 3060 Ἀντιφίλῳ
900 2972 1217 3060 ἐφεστώς.
1286 2974 1346 3041 εἰ
1380 2967 1443 3039 δ’
1476 2967 1881 3060 ἀπολογοῖτό
1916 2998 2087 3041 ποτε
2117 2975 2321 3059 λέγων
2354 2970 2447 3052 ὥς
2472 2969 2657 3042 οῦδὲν

504 3079 810 3141 τοιοῦτον
869 3074 1246 3163 εἴργασται,
1308 3069 1742 3159 ἀναίσχυντος
1794 3075 2009 3143 ἐδόκει
2063 3077 2173 3142 καὶ
2222 3074 2395 3142 πολὺ
2456 3079 2658 3143 πλέον

507 3177 624 3243 ἐπὶ
668 3176 882 3264 τούτῳ
942 3175 1259 3262 ἐμισεῖτο.
1331 3174 1652 3245 ὑπενόσει
1707 3181 2059 3264 τοιγαροῦν
2116 3173 2239 3264 ἤδη
2293 3180 2404 3244 καὶ
2452 3179 2660 3264 πονή-

509 3303 643 3364 ρως
688 3274 856 3360 εἶχεν
915 3277 1059 3347 οἷον
1114 3278 1288 3358 εἰκὸς
1339 3282 1555 3364 χαμαὶ
1610 3278 2030 3346 καθεύδοντα
2089 3281 2202 3345 καὶ
2257 3283 2375 3364 τῆς
2432 3280 2662 3358 νυκτὸς

509 3376 664 3448 οὐδὲ
710 3375 1092 3450 ἀποτείνειν
1137 3380 1220 3448 τά
1268 3383 1463 3471 σκέλη
1513 3381 1879 3466 δυνάμενον
1924 3380 1990 3448 ἐν
2033 3385 2129 3466 τῷ
2170 3381 2341 3467 ξύλῳ
2386 3407 2661 3449 κατακε-

508 3487 847 3568 κλειμένα·
895 3487 1012 3572 τῆς
1056 3485 1177 3568 μὲν
1218 3483 1345 3571 γὰρ
1384 3479 1633 3572 ἡμέρας
1678 3480 1712 3550 ὃ
1745 3482 1973 3560 κλοιὸς
2014 3477 2201 3569 ἤρκει
2242 3485 2355 3548 καὶ
2399 3479 2437 3568 ἡ
2474 3483 2662 3570 ἑτέρα

507 3589 650 3672 χεὶρ
710 3586 1170 3674 πεπεδημένη,
1230 3585 1299 3663 ἐς
1355 3586 1429 3652 δὲ
1483 3584 1603 3675 τὴν
1649 3585 1847 3652 νύκτα
1904 3585 2045 3652 ἔδει
2098 3578 2258 3652 ὅλον
2306 3586 2661 3653 καταδεδέ-

515 3694 705 3755 σθαι.
779 3689 892 3754 καὶ
921 3685 1052 3776 μὴν
1095 3691 1206 3756 καὶ
1250 3690 1371 3755 τοῦ
1402 3686 1761 3776 οἰκήματος
1803 3684 1842 3774 ἦ
1876 3686 2208 3770 δυσοσμία
2250 3688 2361 3753 καὶ
2398 3685 2476 3754 τὸ
2510 3701 2661 3754 πνῖ-

402 3831 410 3837 -
509 3813 627 3876 γος
691 3789 759 3855 ἐν
815 3783 1039 3876 ταῦτῴ
1105 3792 1376 3857 πολλῶν
1437 3790 1803 3874 δεδεμένων
1864 3791 1979 3856 καὶ
2038 3795 2663 3873 στενοχωρουμένων

511 3893 622 3957 καὶ
680 3891 877 3975 μόλις
934 3885 1408 3960 ἀναπνεόντων
1474 3895 1588 3960 καὶ
1643 3895 1763 3959 τοῦ
1822 3891 2096 3990 σιδήρου
2163 3917 2198 3958 ο
2262 3889 2501 3979 ψόφος
2554 3894 2661 3958 καὶ

510 3984 724 4069 ύπνος
777 3984 1006 4078 ὀλίγος
1060 3997 1270 4060 ταῦτα
1313 3993 1543 4062 πάντα
1579 3992 1845 4075 χαλεπὰ
1901 3989 1982 4081 ἠν
2027 3997 2139 4062 καὶ
2186 3986 2501 4081 ἀφόρητα
2546 3994 2663 4078 οίω
