2750 4534
471 201 591 257 158
1358 206 1730 259 ΛΟΥΚΙΑΝΟΥ

364 380 439 436 28
645 377 746 439 28.
797 368 990 441 ἄλλοι
1033 379 1154 458 μέν
1200 376 1284 463 ῥα
1330 381 1489 442 θεοί
1532 401 1605 442 τε
1645 378 1761 441 καὶ
1808 368 2036 458 ἀνέρες
2082 376 2595 458 ἱπποκορυσταὶ

789 471 979 543 εὗδον
1024 477 1396 560 παννύχιοι,
1445 477 1560 561 ἐμὲ
1594 472 1657 543 δ’
1696 472 1815 544 οὐκ
1861 476 1964 559 ἔχε
2006 476 2291 565 νήδυμος
2336 469 2591 553 ῧπνος·

471 570 935 668 ἀνελογιζόμην
977 579 1103 665 γὰρ
1151 580 1371 646 πολλὰ
1419 582 1539 664 μὲν
1585 583 1695 647 καὶ
1742 576 1931 660 ἄλλα,
1975 582 2231 663 μᾶλλον
2278 580 2349 645 δὲ
2384 578 2637 656 ἐκεῖνα,

468 683 617 759 πῶς
677 680 745 747 ἐν
796 683 1095 769 τοσούτῳ
1150 682 1367 770 χρόνῳ
1415 681 1450 749 ὃ
1490 677 1847 750 Ἀπόλλων
1904 677 1979 749 ού
2026 682 2183 769 φύει
2243 682 2542 768 πώγωνα
2592 672 2639 769 ἢ

467 787 616 859 πῶς
659 789 913 869 γίνεται
970 784 1087 863 νὺξ
1143 784 1210 851 ἐν
1259 779 1522 873 ούρανιιῦ
1576 788 1697 852 τοῦ
1741 780 1933 874 ἡλίου
1979 784 2315 872 παρόντος
2361 778 2469 853 ἀεὶ
2512 789 2635 849 καὶ

468 892 1056 970 συνευωχουμένου.
1159 882 1314 955 τότε
1380 892 1502 972 μὲν
1568 874 1682 955 οὖν
1748 887 1983 973 μικρόν
2046 914 2115 953 τι
2178 888 2632 971 κατέδαρθον.

468 986 684 1053 ἕωθεν
731 989 802 1054 δὲ
846 989 1211 1068 διαναστὰς
1255 987 1290 1056 ὅ
1338 989 1509 1068 Ζεὺς
1552 995 1966 1075 προσέταττε
2008 990 2346 1079 κηρύττειν
2392 988 2633 1075 ἐκκλη-

363 1099 440 1155 29
471 1096 643 1155 σίαν.
757 1096 858 1159 29.
915 1085 1200 1178 κάπειδὴ
1269 1097 1583 1179 παρῆσαν
1646 1085 1968 1175 ἅπαντες,
2040 1088 2311 1179 ι’ίρχεται
2370 1094 2675 1177 λέγειν’ϊ

476 1191 610 1277 Τὴν
653 1194 774 1276 μὲν
820 1193 1042 1261 αἰτίαν
1099 1199 1218 1261 τοῦ
1266 1196 1649 1281 ξυναγαγεῖν
1692 1191 1865 1279 ὑμᾶς
1910 1192 1945 1262 ὃ
1988 1194 2226 1279 χθιζὸς
2273 1189 2469 1272 οὗτος
2520 1195 2631 1273 ξέ-

468 1318 580 1371 νος
625 1301 1074 1384 παρέσχηται·
1124 1297 1339 1364 πάλαι
1388 1298 1457 1365 δὲ
1500 1297 1905 1383 βουλόμενος
1950 1294 2104 1381 ὖμῖν
2148 1297 2629 1363 κοινώσασθαι

467 1400 625 1483 περὶ
680 1402 812 1464 τῶν
859 1398 1288 1486 φιλοσόφων,
1349 1398 1647 1483 μάλιστα
1690 1395 1823 1465 ὑπὸ
1870 1403 1987 1485 τῆς
2030 1400 2316 1487 Σελήνης
2366 1401 2480 1465 καὶ
2533 1393 2629 1463 ὧν

467 1499 676 1589 ἐκείνη
722 1501 1059 1589 μέμφεται
1089 1504 1512 1587 προτραπεὶς
1558 1501 1759 1587 ἔγνων
1794 1496 2021 1591 μηκέτ’
2074 1502 2191 1568 ἐπὶ
2227 1503 2433 1567 πλέον
2482 1530 2627 1567 πα-

467 1616 765 1686 ρατεῖναι
823 1602 941 1691 τὴν
1001 1603 1394 1689 διάσκεψιν·
1452 1609 1639 1691 γένος
1693 1604 1817 1690 γάρ
1877 1632 1945 1671 τι
1990 1598 2375 1689 ἀνθρώπων
2436 1604 2627 1671 ἐστὶν

468 1699 541 1771 ού
606 1706 739 1791 πρὸ
802 1708 1058 1773 πολλοῦ
1123 1710 1222 1792 τῷ
1277 1712 1409 1793 βίῳ
1472 1706 1888 1785 ἐπιπολάζον
1960 1700 2163 1792 άργόν
2234 1705 2626 1795 φιλόνεικον

465 1803 812 1886 κενόδοξον
899 1802 1210 1891 ὀξύχολον
1282 1805 1641 1891 ὑπόλιχνον
1712 1806 2073 1893 ὑπόμωρον
2149 1813 2625 1895 τετυφωμένον

467 1903 717 1994 ῧβρεως
763 1905 1146 1991 ἀνάπλεων,
1205 1914 1318 1977 καὶ
1363 1912 1475 1977 ἵνα
1518 1908 1685 2002 καθ’
1721 1904 2012 1998 (Όμηρον
2072 1911 2245 1977 ε’ίπω
2294 1908 2623 1989 »ἐτώσιον

467 2008 680 2093 ἄχθος
738 2007 1082 2101 ἆρούρης.“
1175 2006 1360 2079 οὗτοι
1403 2018 1627 2079 τοίνυν
1687 2011 1753 2089 ἐς
1796 2007 2184 2101 συστήματα
2230 2012 2621 2098 διαιρεθέν-

464 2138 574 2191 τες
627 2117 740 2180 καὶ
797 2114 1162 2203 διαφόρους
1229 2115 1441 2200 λόγων
1501 2116 1947 2199 λαβυρίνθους
2012 2112 2492 2203 ἐπινοήσαντες
2550 2116 2621 2181 οἱ

463 2217 584 2300 μὲν
641 2214 970 2295 Στωϊκοὺς
1028 2212 1483 2301 ὠνομάκασιν,
1547 2218 1611 2283 οἱ
1670 2218 1742 2283 δὲ
1793 2210 2351 2305 Ἀκαδημαϊκούς,
2414 2218 2485 2283 Οἱ
2543 2218 2621 2283 δὲ

456 2313 963 2408 Ἐπικουρείους,
1011 2320 1075 2386 οἱ
1123 2320 1194 2386 δὲ
1238 2317 1820 2406 Περιπατητικοὺς
1862 2321 1972 2384 καὶ
2010 2314 2181 2385 ἄλλα
2225 2320 2463 2405 πολλῷ
2507 2345 2620 2405 γε-

463 2419 772 2503 λοιότερα
827 2418 1110 2485 τούτων·
1181 2419 1418 2485 ἔπειτα
1486 2418 1557 2483 δὲ
1612 2412 1827 2501 ὄνομα
1885 2416 2127 2500 σεμνὸν
2192 2416 2313 2503 τὴν
2373 2411 2621 2503 ἆρετὴν

462 2527 902 2605 περιθέμενοι
943 2524 1051 2587 καὶ
1098 2520 1219 2598 τὰς
1264 2514 1478 2608 ὀφρῦς
1532 2519 1901 2605 ἐπάραντες
1944 2522 2053 2587 καὶ
2086 2518 2414 2605 πώγωνας
2462 2518 2621 2586 ἐπι-

463 2625 887 2708 σπασάμενοι
917 2628 1385 2709 περιέρχονται
1431 2621 1831 2708 ἐπιπλάστῳ
1864 2622 2148 2711 σχήματι
2174 2621 2621 2688 κατάπτυστα

460 2726 596 2816 ἤθη
631 2728 1190 2813 περιστέλλοντες,
1239 2724 1552 2813 ἐμφερεῖς
1580 2724 1876 2808 μάλιστα
1902 2738 2046 2801 τοῖς
2075 2737 2411 2809 τραγικοῖς
2442 2724 2620 2790 ἐκεί-

463 2854 602 2907 νοις
646 2825 1055 2914 ὑποκριταῖς,
1102 2821 1195 2893 ὧν
1237 2818 1318 2917 ἢν
1365 2820 1579 2916 ἀφέλῃ
1624 2851 1728 2904 τις
1772 2826 1857 2891 τὰ
1888 2839 2292 2911 προσωπεῖα
2334 2828 2443 2891 καὶ
2490 2824 2712 2911 whom

455 2924 922 3018 χρυσόπαστον
973 2930 1219 3017 ἐκείνην
1267 2928 1527 3015 στολήν,
1572 2927 1649 2995 τὸ
1696 2927 2266 3011 καταλειπόμενόν
2309 2921 2457 2993 ἐστι
2499 2954 2617 3013 γε-

462 3034 642 3099 λοῖον
690 3026 1088 3118 ἀνθρώπιον
1133 3030 1308 3098 ἑπτὰ
1355 3032 1661 3118 δραχμῶν
1709 3023 1781 3106 ἐς
1824 3030 1939 3097 τὸν
1986 3024 2209 3116 ἀγῶνα
2250 3035 2617 3113 μεμισθω-

359 3138 435 3195 30
464 3139 680 3217 μένον.
783 3140 883 3201 30.
941 3137 1240 3200 τοιοῦτοι
1294 3134 1365 3199 δὲ
1424 3128 1611 3210 ὄντες
1670 3126 2055 3219 ἀνθρώπων
2108 3134 2229 3215 μὲν
2288 3128 2615 3198 ἁπάντων

455 3240 982 3325 καταφρονοῦσι,
1041 3239 1197 3321 περὶ
1255 3239 1439 3301 θεῶν
1500 3235 1571 3301 δὲ
1618 3232 1945 3302 ἀλλόκοτα
2004 3235 2442 3320 διεξέρχονται
2496 3238 2614 3301 καὶ

458 3340 849 3425 συνάγοντες
909 3332 1368 3425 εὐεξαπάτητα
1425 3336 1737 3423 μειράκια
1790 3336 1911 3425 τήν
1969 3361 2041 3402 τε
2094 3335 2614 3424 πολυθρύλητον

458 3439 696 3531 ἀρετὴν
760 3442 1176 3529 τραγῳδοῦσι
1241 3442 1352 3506 καὶ
1418 3438 1534 3517 τὰς
1599 3442 1731 3504 τῶν
1794 3438 2003 3524 λόγων
2071 3432 2363 3523 ἆπορίας
2428 3431 2613 3504 ἐκδι-

459 3548 795 3626 δάσκουσι,
843 3547 951 3611 καὶ
999 3542 1173 3628 πρὸς
1218 3542 1339 3627 μὲν
1384 3540 1540 3620 τοὺς
1581 3540 1902 3629 μαθητὰς
1944 3545 2293 3626 καρτερίαν
2340 3533 2446 3605 άεὶ
2493 3544 2610 3607 καὶ

458 3646 895 3735 σωφροσύνην
957 3639 1313 3711 ἐπαινοῦσι
1378 3646 1490 3710 καὶ
1558 3641 1851 3709 πλούτου
1918 3636 2025 3709 καὶ
2093 3638 2334 3728 ἡδονῆς
2398 3668 2605 3708 κατα-

455 3753 772 3829 πτύουσι,
817 3748 1015 3834 μόνοι
1061 3748 1132 3814 δὲ
1175 3750 1286 3813 καὶ
1333 3740 1498 3812 καθ’
1551 3744 1825 3822 ἑαυτοὺς
1866 3744 2209 3831 γενόμενοι
2251 3750 2320 3811 τί
2366 3734 2445 3809 ὃν
2495 3747 2611 3812 λέ-

453 3882 561 3941 γοι
605 3880 706 3932 τις
736 3846 864 3919 ὅσα
909 3851 1028 3935 μὲν
1061 3844 1437 3930 ἐσθίουσιν,
1484 3841 1611 3915 ὅσα
1648 3849 1719 3914 δὲ
1752 3841 2365 3935 ἀφροδισιάζουσιν,
2413 3839 2612 3927 ὅπως

457 3958 527 4023 δὲ
574 3958 1026 4042 περιλείχουσι
1083 3955 1216 4018 τῶν
1272 3946 1531 4037 ὀβολῶν
1587 3950 1702 4018 τὸν
1758 3950 2005 4038 ῥύπον,·
2061 3948 2135 4015 τὸ
2199 3949 2270 4015 δὲ
2328 3949 2609 4018 πάντων
