2750 4534
441 259 562 317 140
1325 258 1701 314 AormANor

609 434 810 495 MIK.
892 425 1059 515 Ὁρῶ
1105 428 1179 518 νὴ
1224 434 1364 496 Δία
1422 428 1597 516 πρὸς
1641 422 1944 515 ἀμαυράν
2004 454 2077 495 τε
2121 431 2233 495 καὶ
2279 427 2593 512 διψῶσαν

438 530 555 618 τὴν
613 531 1024 619 θρυαλλίδα,
1083 532 1194 597 καὶ
1255 525 1467 616 ώχρὸς
1535 526 1598 597 δ’
1663 530 1843 599 ἐστὶν
1902 524 2017 598 οὒκ
2074 524 2203 597 οἶδ’
2267 522 2468 611 όθεν,
2536 524 2587 593 ώ

440 628 842 718 ἀλεκτρυών,
901 636 1008 700 καὶ
1053 636 1486 721 κατέσκληκεν
1539 626 1695 711 όλος
1750 632 2136 721 ἐκτετηκώς,
2196 628 2328 699 ὑπὸ
2384 656 2593 720 φρον-

438 736 641 803 τίδων
686 735 971 824 δηλαδή·
1019 730 1096 802 οὗ
1139 734 1264 822 γὰρ
1312 750 1534 803 νοσεῖν
1582 734 1801 814 αλλως
1847 736 2122 822 ἐλέγετο.

609 842 904 904 ΑΛΕΚ.
951 833 1280 906 ’Ἀκουσον
1312 831 1355 903 ά
1387 856 1619 927 φησιν·
1666 839 1812 926 εἴσῃ
1842 837 1967 924 γὰρ
2000 830 2166 906 ὅθεν
2198 830 2411 914 οὕτως
2444 835 2593 919 ἔχει.

611 942 939 1005 ΣΙΜΩΝ.
1028 936 1282 1007 Οὐκοῦν
1338 939 1636 1007 τάλαντα
1692 941 1813 1023 μὲν
1868 940 2322 1029 ἑβδομήκοντα
2378 937 2595 1006 ἐκεῖνα

440 1040 618 1107 πάνυ
687 1033 1011 1128 ἇσφαλῶς
1069 1037 1203 1107 ὑπὸ
1270 1044 1352 1129 τῇ
1410 1043 1592 1129 κλίνῃ
1652 1043 2147 1130 κατορώρυκται
2206 1044 2319 1107 καὶ
2378 1033 2598 1116 οὐδεὶς

443 1139 645 1219 ἄλλος
689 1138 854 1222 εἶδε,
899 1142 982 1210 τὰ
1030 1142 1102 1209 δὲ
1147 1142 1491 1210 ἑκκαίδεκα
1537 1140 1728 1225 εἶδεν,
1776 1141 1985 1228 οἶμαι,
2031 1143 2345 1221 Σωσύλος
2390 1139 2427 1209 ὃ
2482 1143 2596 1209 ἱπ-

442 1244 742 1330 ποκόμος
807 1241 941 1312 ὑπὸ
1010 1249 1092 1333 τῇ
1158 1240 1376 1334 φάτνῃ
1438 1246 1985 1331 κατακρύπτοντά
2044 1266 2161 1330 με·
2228 1238 2384 1322 ὅλος
2443 1248 2599 1332 γοῦν

445 1352 602 1435 περὶ
647 1347 764 1415 τὸν
807 1348 1027 1415 ἵππον
1073 1347 1253 1415 ἐστιν
1306 1343 1383 1415 οὗ
1430 1348 1607 1415 πάνυ
1652 1347 1973 1436 ἐπιμελὴς
2017 1344 2236 1427 άλλως
2281 1344 2435 1414 οὐδὲ
2484 1372 2601 1435 φι-

446 1450 734 1529 λόπονος
779 1446 890 1516 ὤν.
963 1448 1138 1528 εἰκὸς
1186 1450 1258 1517 δὲ
1305 1450 1737 1539 διηρπάσθαι
1782 1451 2017 1537 πολλῶ
2060 1454 2275 1517 πλείω
2320 1450 2598 1530 τούτων,

444 1546 484 1643 ἢ
531 1553 754 1621 πόθεν
809 1551 934 1639 γὰρ
981 1548 1016 1619 ὖ
1072 1558 1305 1637 Τίβιος
1347 1561 1658 1639 ταρίχους
1715 1546 1889 1619 οῧτω
1933 1554 2259 1640 μεγάλους
2304 1547 2598 1640 ὥψωνη-
2615 1566 2683 1617 748

444 1662 628 1724 κέναι
668 1656 836 1740 χθὲς
883 1654 1136 1741 ἐλέγετο
1168 1646 1211 1742 ἢ
1240 1659 1321 1744 τῇ
1352 1659 1612 1741 γυναικὶ
1656 1656 1958 1741 ἐλλόβιον
2004 1656 2351 1743 ἐωνῆσθαι
2395 1662 2601 1723 πέντε

448 1762 754 1843 δραχμῶν
811 1750 1024 1840 ὅλων,
1078 1751 1262 1839 τάμὰ
1307 1751 1496 1825 οὗτοι
1542 1763 1873 1825 σπαθῶσι
1926 1762 2046 1825 τοῦ
2089 1758 2599 1842 κακοδαίμονος.

449 1855 601 1927 ἀλλ’
644 1854 794 1927 οὐδὲ
824 1858 908 1925 τὰ
942 1859 1306 1944 ἐκπώματα
1339 1859 1408 1927 ἐν
1442 1855 1738 1950 ἀσφαλεῖ
1764 1887 1884 1945 μοι
1915 1855 2273 1928 ἀπόκειται
2300 1866 2601 1928 τοσαῦτα

449 1961 640 2032 ὄντα·
699 1961 886 2028 δέδια
937 1965 1093 2048 γοῦν
1149 1961 1239 2052 μή
1287 1988 1390 2041 τις
1434 1959 1772 2049 ὑπορύξας
1828 1963 1946 2029 τὸν
1988 1977 2209 2045 τοῖχον
2266 1958 2600 2052 ὑφέληται

452 2060 650 2132 αὗτά·
709 2065 953 2129 πολλοὶ
999 2068 1340 2152 φθονοῦσι
1395 2069 1506 2133 καὶ
1554 2064 2064 2149 ἐπιβουλεύουσί
2105 2090 2254 2149 μοι,
2307 2070 2420 2133 καὶ
2468 2066 2599 2149 μά-

452 2172 645 2235 λιστα
690 2163 724 2233 o‘
767 2172 1002 2252 γείτων
1049 2166 1369 2245 Μικύλος.

621 2276 824 2335 ΜΙΚ.
901 2268 1004 2359 Νὴ
1036 2275 1212 2336 Δία·
1268 2272 1372 2336 σοὶ
1421 2268 1545 2356 γὰρ
1590 2262 1824 2354 ὅμοιος
1870 2269 1993 2356 ἐγώ
2037 2274 2149 2338 καὶ
2192 2269 2276 2336 τὰ
2320 2270 2601 2355 τρύβλια

450 2370 585 2440 ὑπὸ
632 2372 847 2461 μάλης
892 2366 1136 2455 ἄπειμι
1182 2372 1367 2491 έχωνέ

621 2478 916 2541 ΑΛΕΚ.
1005 2473 1265 2555 Σιώπα,
1313 2470 1366 2539 ώ
1398 2472 1680 2554 Μικύλε,
1725 2473 1815 2562 μὴ
1846 2474 2299 2562 καταφωράσῃ
2347 2474 2599 2611 παρόν-

453 2602 574 2656 τας
615 2573 808 2662 ἡμᾶς.

625 2684 816 2744 ΣΙΜ.
930 2672 1250 2762 ’Ἀριστον
1321 2681 1479 2762 γοῦν
1556 2673 1891 2764 άγρυπνον
1967 2675 2166 2745 αὐτὸν
2240 2679 2601 2765 φυλάττειν

457 2782 757 2846 ἅπαντα·
825 2785 1128 2864 περίειμι
1186 2777 1550 2857 διαναστὰς
1610 2778 1677 2846 ἐν
1734 2780 1945 2867 κύκλῳ
2002 2779 2120 2865 τὴν
2178 2778 2413 2846 οικίαν.
2500 2787 2601 2857 τίς

460 2876 685 2963 ουτος,
727 2877 864 2966 δρῶ
896 2885 971 2947 σέ
998 2904 1088 2966 γε,
1122 2866 1175 2945 ῶ
1182 2880 1562 2979 τοιχωρύχε
1594 2930 1911 2948 .......
1941 2880 2037 2964 μὰ
2067 2877 2211 2962 Δί’,
2260 2880 2409 2949 ἐπεὶ
2440 2888 2600 2953 κίων

458 3008 531 3069 γε
575 2972 666 3048 ὧν
709 2981 1078 3067 τυγχάνεις,
1139 2978 1208 3047 εὖ
1255 2982 1407 3065 ε’χει.
1498 2976 1859 3070 ἆριθμήσω
1907 2968 2111 3060 αυθις
2157 2977 2481 3069 ἀνορύξας
2524 2984 2596 3051 τὸ

455 3090 745 3169 χρυσίον,
790 3084 880 3173 μή
911 3090 980 3150 τί
1007 3108 1092 3167 με
1121 3110 1355 3171 πρῳην
1388 3084 1753 3151 διέλαθεν.
1836 3083 2027 3151 ,ἰδοὺ
2060 3086 2267 3152 πάλιν
2298 3085 2603 3175 ἐψόφηκέ

460 3211 581 3265 τις.
657 3180 768 3251 ἐπ’
836 3185 950 3271 ἐμὲ
1009 3185 1294 3273 δηλαδή
1350 3189 1836 3271 πολιορκοῦμαι
1882 3184 2013 3273 [καὶ
2059 3186 2600 3275 ἐπιβουλεύομαι]

462 3286 633 3374 πρὸς
679 3284 1018 3354 ἁπάντων.
1105 3289 1241 3353 ποῦ
1285 3314 1405 3370 μοι
1447 3288 1523 3354 τὸ
1572 3288 1905 3377 ξιφίδιον,·
1949 3315 2030 3354 αν
2076 3289 2259 3373 λάβω
2301 3290 2501 3358 τινά.

461 3392 838 3476 θάπτωμεν
886 3376 1089 3467 αυθις
1133 3388 1208 3456 τὸ
1250 3396 1543 3475 χρυσίον.

360 3501 436 3556 30
636 3498 734 3562 30.
777 3496 1072 3559 AAEK.
1154 3496 1448 3557 Τοιαῦτα
1490 3497 1611 3576 μέν
1658 3515 1786 3573 σοι,
1834 3478 1887 3556 ῶ
1924 3492 2204 3573 Μικύλε,
2250 3492 2335 3557 τὰ
2380 3499 2603 3576 Σίμω-

465 3621 594 3673 νος.
669 3588 976 3678 ἀπίωμεν
1008 3593 1080 3660 δὲ
1105 3596 1219 3671 καὶ
1251 3587 1420 3677 παρ’
1474 3590 1674 3660 ἄλλον
1716 3593 1888 3675 τινά,
1938 3593 2061 3670 ἕως
2092 3593 2191 3661 ἔτι
2221 3588 2445 3679 ὀλίγον
2490 3600 2602 3686 τῆς

462 3696 692 3775 νυκτὸς
737 3695 978 3763 λοιπόν
1022 3694 1218 3763 ἐστιν.
2617 3714 2697 3763 749

633 3805 835 3866 ΜΙΚ.
920 3795 987 3864 Ὠ
1034 3798 1469 3883 κακόδαιμον,
1531 3799 1672 3866 οἶον
1721 3804 1865 3882 βιοῖ
1918 3798 2034 3865 τὸν
2076 3804 2248 3883 βίον.
2338 3798 2603 3886 ἐχθροῖς

467 3894 639 3967 οὑτω
684 3902 996 3968 πλουτεῖν
1025 3906 1302 3985 γένοῑτο.
1375 3899 1544 3967 κατὰ
1590 3900 1827 3988 κόρρης
1872 3893 1935 3965 δ’
1975 3886 2089 3967 οὖν
2134 3900 2443 3979 πατάξας
2492 3929 2603 3969 αυ-

466 4002 582 4071 τὸν
629 3996 958 4071 ἀπελθεῖν
1000 4002 1350 4087 βούλομαι.
