2750 4534
435 235 514 292 96
1325 237 1610 291 ΛΟΥΚΙΛΝ
1614 238 1699 291 ΟΥ

431 403 699 486 νάμεθα
730 404 897 490 μηδὲ
949 404 1294 491 ῥαψῳδεῖν
1340 400 1569 491 ὥσπερ
1615 400 1800 472 οὗτοι
1844 406 2011 494 μηδὲ
2055 405 2171 475 τὸν
2218 400 2607 494 Εὐριπίδην

357 518 396 574 2
433 500 589 575 ὅλον
619 506 1218 591 καταπεπώκαμεν,
1265 500 1439 573 ὥστε
1471 530 1580 575 σοι
1621 504 2145 595 ὑποτραγῳδεῖν.
2222 513 2281 575 2.
2330 503 2707 594 άγνοεῑν644

429 606 604 698 ἡμᾶς
651 607 941 691 νομίζεις
984 606 1104 697 τὴν
1151 608 1372 676 αἰτίαν
1415 612 1533 697 τῆς
1577 609 1791 697 λύπης
1840 602 1987 695 ἥτις
2032 610 2175 677 ἐστί
2220 632 2369 693 σοις

598 716 847 776 ΖΕΥΣ.
926 703 1062 777 Ούκ
1106 704 1326 790 οἶσθ’,
1373 709 1527 778 ἐπεί
1568 736 1677 779 τοι
1720 701 1842 778 κᾶν
1886 711 2163 789 ἐκώκυες
2202 717 2392 797 μέγα.

602 818 822 880 ΗΡΑ.
901 809 1074 880 Οἶδα
1116 812 1193 880 τὸ
1227 813 1597 902 κεφάλαιον
1628 806 1790 880 αῧτό
1824 808 1917 879 ῶν
1948 808 2231 897 πάσχεις
2274 808 2381 881 ὅτι
2430 813 2601 901 ἐρω-

425 916 606 983 τικόν
668 908 1015 981 εστιν·ού
1061 913 1192 1003 μὴν
1247 914 1478 981 κωκύω
1505 939 1609 1032 ,γε
1666 911 1801 982 ὑπὸ
1851 914 2055 993 έθους
2096 911 2221 1005 ἤδη
2270 916 2601 996 πολλάκις

425 1012 834 1139 ὑβρισθεῖσα
877 1010 1011 1081 ὑπὸ
1047 1018 1169 1081 σοῦ
1211 1013 1296 1081 τὰ
1337 1019 1639 1082 τοιαῦτα.
1715 1014 1891 1094 εἰκὸς
1932 1019 2090 1102 γοῦν
2134 1012 2287 1105 ἤτοι
2314 1018 2597 1105 Δανάην

426 1116 574 1185 τινὰ
620 1108 660 1203 ἢ
706 1119 996 1245 Σεμέλην
1049 1108 1092 1205 ἢ
1136 1112 1467 1205 Εὐρώπην
1525 1104 1732 1197 αὖθις
1790 1114 2067 1205 εὑρόντα
2122 1142 2197 1185 σε
2257 1113 2597 1187 ἀνιᾶσθαι

424 1217 560 1287 ὑπὸ
617 1223 735 1285 τοῦ
796 1222 1072 1304 ε’ρωτος,
1134 1216 1279 1287 εἶτα
1333 1219 1786 1303 βουλεύεσθαι
1806 1224 2085 1342 ταῦρον
2128 1248 2169 1309 η
2217 1221 2509 1307 σάτυρον
2552 1209 2595 1308 ἢ

423 1320 667 1407 χρυσὸν
722 1320 1072 1406 γενόμενον
1131 1321 1368 1407 ῥυῆναι
1429 1320 1541 1388 διὰ
1608 1324 1728 1387 τοῦ
1794 1314 2052 1410 ορόφου
2120 1322 2186 1400 ἐς
2250 1321 2370 1389 τὸν
2436 1323 2595 1391 κόλ-

426 1448 558 1488 πον
603 1426 721 1510 τῆς
767 1416 1242 1510 ἀγαπωμένης·
1287 1420 1371 1486 τὰ
1407 1435 1649 1509 σημεῖα
1692 1421 1816 1509 γὰρ
1845 1426 2075 1505 ταῦτα,
2124 1424 2189 1489 οἱ
2231 1428 2593 1508 στεναγμοὶ

424 1528 537 1591 καὶ
579 1524 664 1590 τὰ
699 1523 949 1609 δάκρυα
980 1526 1089 1591 καὶ
1125 1522 1200 1589 τὸ
1236 1517 1450 1609 ὠχρὸν
1497 1520 1688 1605 εἶναι,
1736 1520 1853 1589 οὐκ
1899 1519 2103 1590 ἄλλου
2132 1549 2248 1591 του
2294 1514 2338 1609 ἢ
2384 1522 2594 1609 ερῶν·

423 1624 540 1702 τός
584 1623 782 1691 ἐστιν.

597 1731 848 1792 ΖΕΥΣ.
904 1712 974 1791 Ὦ
1005 1732 1316 1810 μακαρία,
1365 1718 1512 1810 ἥτις
1543 1725 1610 1792 ἓν
1655 1725 1854 1813 ἔρωτι
1896 1728 2003 1792 καὶ
2050 1739 2200 1805 ταῖς
2242 1726 2593 1805 τοιαύταις

426 1828 738 1903 παιδιαῖς
783 1828 916 1894 οἴει
960 1826 1042 1893 τὰ
1090 1826 1453 1913 πράγματα
1496 1823 1653 1911 ἡμῖν
1699 1824 1891 1895 εἶναι.

602 1934 817 1995 ΗΡΑ.
878 1923 1088 1995 Ἀλλὰ
1120 1936 1188 1996 τί
1220 1925 1404 2011 ἄλλο,
1452 1929 1514 1996 εἰ
1540 1928 1629 2049 μὴ
1663 1933 1880 2010 τοῦτο,
1930 1923 2088 2017 ἆνιᾷ
2118 1952 2195 1997 σε
2222 1926 2429 1997 Δία’
2386 1957 2593 2013 οντα;

351 2046 392 2101 8
598 2038 656 2099 3.
702 2033 952 2097 ΖΕΥΣ.
994 2026 1094 2098 Ἐν
1141 2029 1460 2114 ἐσχάτοις,
1510 2016 1563 2097 ῶ
1590 2023 1798 2116 ‘Hem
1843 2030 1928 2096 τὰ
1971 2035 2155 2097 θεῶν
2198 2032 2586 2117 πράγματα,
2604 2048 2693 2098 645

421 2137 531 2201 καὶ
576 2138 771 2200 τοῦτο
819 2132 896 2257 δὴ
941 2132 1017 2199 τὸ
1065 2136 1185 2199 τοῦ
1231 2132 1459 2217 λόγου,
1521 2132 1632 2199 ἐπὶ
1694 2132 1889 2216 ξυροῦ
1942 2131 2228 2221 ε’στηκεν,
2278 2134 2413 2201 είτε
2455 2134 2580 2223 χρὴ

421 2240 762 2319 τιμᾶσθαι
806 2234 982 2320 ἡμᾶς
1029 2234 1128 2302 έτι
1171 2236 1282 2301 καὶ
1325 2232 1412 2301 τὰ
1455 2238 1614 2319 γέρα
1662 2234 1830 2316 ἐχειν
1874 2226 1997 2300 τᾶν
2040 2237 2119 2319 τῇ
2162 2237 2243 2321 γῇ
2289 2234 2426 2301 είτε
2468 2240 2583 2303 καὶ

422 2330 808 2426 ἠμελῆσθαι
854 2336 1254 2403 παντάπασι
1295 2338 1407 2402 καὶ
1451 2336 1527 2402 τὸ
1573 2336 1779 2454 μηδὲν
1826 2332 1998 2401 εἶναι
2044 2336 2277 2404 δοκεῖν.

591 2443 813 2506 ΗΡΑ.
881 2442 1059 2504 Μῶν
1088 2436 1401 2524 γίγαντάς
1434 2462 1623 2515 τινας
1655 2422 1860 2515 αὖθις
1902 2434 1941 2522 5
1987 2440 2069 2527 γῆ
2116 2440 2376 2526 εφυσεν,
2423 2464 2465 2563 η
2516 2441 2585 2505 οἱ

427 2544 704 2619 Τιτᾶνες
760 2539 845 2608 τὰ
904 2539 1113 2623 δεσμὰ
1175 2538 1646 2626 διαρρήξαντες
1701 2541 1813 2605 καὶ
1874 2542 1993 2623 τῆς
2060 2542 2359 2628 φρουρᾶς
2428 2564 2586 2608 επι-

419 2644 866 2730 κρατήσαντες
911 2628 1116 2720 αὖθις
1158 2638 1317 2727 ἡμῖν
1363 2639 1631 2707 ἐναντία
1679 2640 1987 2727 αι’ρονται
2029 2638 2114 2705 τὰ
2160 2632 2377 2723 ὅπλας

588 2750 838 2810 ΖΕΥΣ.
911 2743 1186 2827 Θάρσει,
1231 2741 1316 2808 τὰ
1363 2747 1601 2827 νέρθεν
1646 2738 1968 2829 ἀσφαλῶς
2014 2741 2145 2824 ἔχει
2188 2748 2399 2821 θεοῖς.

591 2849 812 2912 ΗΡΑ.
888 2851 972 2911 Τί
1004 2830 1118 2911 οὖν
1165 2840 1327 2912 ἄλλο
1376 2843 1595 2911 δεινὸν
1642 2832 1722 2909 ἷὶν
1751 2848 2007 2929 γένοιτο
2022 2850 2055 2927 ,·’
2090 2837 2203 2928 οὐχ
2248 2840 2386 2932 ὁρῶ
2430 2845 2582 2930 γάρ,

420 2943 533 3015 ὅτε
575 2947 664 3035 μὴ
705 2946 790 3012 τὰ
821 2950 1102 3014 τοιαῦτα
1131 2949 1541 3032 παραλυπεῖ,
1586 2938 1699 3033 ἐφ’
1751 2938 1885 3032 ὅτῳ
1916 2947 2160 3023 Πῶλος
2203 2936 2245 3033 ἢ
2267 2940 2585 3032 Ἀριστό-

423 3050 629 3136 δημος
677 3043 822 3117 ἀντὶ
866 3046 1038 3127 Διὸς
1081 3044 1238 3136 ἡμῖν
1283 3042 1739 3145 ἀναπέφηνας.

351 3160 389 3214 4
595 3158 653 3216 4.
700 3155 951 3217 ΖΕΥΣ.
1027 3152 1387 3237 Τιμοκλῆς,
1442 3146 1495 3214 a}
1526 3143 1731 3233 Ἡρα,
1779 3145 1812 3216 6
1862 3148 2156 3227 Στωϊκὸς
2196 3151 2310 3216 καὶ
2352 3151 2585 3233 Δᾶμις

417 3249 452 3319 ὃ
507 3247 955 3337 Ἐπικούρειος
1015 3257 1212 3336 χθές,
1283 3246 1400 3318 οὐκ
1462 3245 1594 3318 οἶδ’
1669 3245 1835 3318 ὅθεν
1902 3257 2138 3340 σφίσιν
2206 3244 2581 3335 ἀρξαμένου

415 3359 534 3422 τοῦ
596 3356 823 3440 λόγου,
888 3360 1212 3441 προνοίας
1269 3359 1428 3439 πέρι
1488 3354 1918 3441 διελεγέσθην
1974 3352 2327 3439 παρόντων
2393 3347 2582 3437 μάλα

418 3461 666 3539 συχνῶν
730 3459 838 3525 καὶ
901 3458 1190 3541 δοκίμων
1259 3450 1679 3541 ἆνθρώπων,
1746 3448 1916 3541 ὅπερ
1982 3455 2276 3539 μάλιστα
2340 3448 2685 3543 ῆνίασέ646

413 3577 530 3641 με·
577 3561 687 3626 καὶ
734 3555 768 3625 ὁ
816 3559 935 3642 μὲν
965 3562 1191 3642 Δᾶμις
1237 3551 1380 3624 οὔτ’
1434 3554 1608 3624 εἶναι
1637 3555 1844 3635 θεοὺς
1886 3549 2058 3634 ὅλως
2104 3556 2391 3643 ἔφασκεν
2424 3551 2579 3623 οὔτε

412 3659 497 3725 τὰ
543 3656 897 3745 γιγνόμενα
955 3658 1350 3726 ἐπισκοπεῖν
1392 3648 1435 3746 ἢ
1481 3657 1888 3739 διατάττειν,
1948 3654 1983 3724 o‘
2040 3657 2372 3742 Τιμοκλῆς
2418 3657 2491 3723 δὲ
2540 3654 2574 3724 o‘

412 3762 756 3843 βέλτιστος
788 3758 1104 3846 ἐπειρᾶτο
1139 3759 1714 3846 συναγωνίζεσθαι
1747 3755 1938 3846 ἡμῖν·
1985 3754 2130 3825 εἶτα
2160 3756 2355 3841 ὄχλου
2401 3762 2577 3824 πολ-

416 3863 533 3927 λοῦ
579 3860 1003 3947 ἐπιρρυέντος
1048 3855 1238 3929 οὐδὲν
1283 3865 1498 3946 πέρας
1551 3860 1804 3946 ἐγένετο
1848 3864 1967 3950 τῆς
2013 3860 2387 3939 ξυνουσίας·
2436 3860 2578 3927 διε-

414 3961 717 4050 λύθησαν
773 3960 897 4048 γὰρ
955 3962 1267 4041 εἰσαῦθις
1313 3961 1815 4048 ἐπισκέψεσθαι
1859 3960 1943 4028 τὰ
1989 3961 2198 4029 λοιπὰ
2246 3966 2577 4045 συνθέμε-
