2750 4534
455 236 538 294 42
1347 239 1723 292 Aomfflor

380 413 422 470 5
449 407 572 495 τὴν
624 419 920 492 γυναῖκα.
1005 415 1068 474 5.
1113 407 1597 496 παραπλήσιον
1652 409 1727 475 δὲ
1778 435 1893 477 και
1942 413 2175 495 μακρῷ
2214 409 2453 476 τούτου
2494 434 2599 496 γε·

451 507 794 629 λοιότερον
857 515 1307 597 Στρατονίκην
1373 513 1661 598 ποιῆσαι
1722 509 1845 600 τὴν
1910 512 2227 578 Σελεύκου
2296 525 2597 597 γυναῖκα·

449 624 596 689 τοῖς
635 609 764 697 γὰρ
791 624 1112 700 ποιηταῖς
1141 608 1368 698 άγωνα
1398 617 1771 697 προθεῖναι
1805 608 2011 734 αὐτὴν
2054 616 2216 699 περὶ
2254 615 2599 692 ταλάντου,

451 736 642 791 οστις
671 740 754 780 αν
799 709 1074 798 ἄμεινον
1118 712 1476 781 ἐπαινέσαι
1520 707 1725 802 αὐτῆς
1764 714 1886 804 τὴν
1927 715 2155 804 κόμην,
2198 722 2425 783 καίτοι
2470 741 2601 802 φα·-

453 813 662 899 λακρὰ
720 813 1064 900 ἐτύγχανεν
1117 839 1290 882 ουσα
1329 818 1443 882 καὶ
1488 810 1643 883 οὗδὲ
1698 810 1931 902 ὀλίγας
1982 839 2151 894 οσας
2190 842 2315 896 τας
2368 816 2603 903 ἑαυτῆς

448 923 680 1000 τρίχας
735 916 996 1000 ἔχουσα.
1077 919 1192 984 καὶ
1253 942 1439 1001 ομως
1490 943 1665 986 ουτω
1710 919 2089 1007 διακειμένη
2130 918 2249 1006 τὴν
2288 919 2600 1008 κεφαλήν,

453 1012 776 1084 ἁπάντων
831 1012 1109 1084 εἰδότων
1164 1043 1278 1086 οτι
1317 1016 1391 1086 ἐκ
1432 1019 1632 1087 νόσου
1673 1023 1934 1106 μακρᾶς
1975 1019 2053 1088 τὸ
2097 1023 2404 1087 τοιοῦτον
2450 1019 2603 1088 ἐπε-

450 1120 738 1207 πόνθει,
791 1115 988 1206 ἤκουε
1040 1125 1176 1189 τῶν
1231 1124 1627 1208 καταράτων
1684 1127 1988 1212 ποιητῶν
2042 1120 2441 1200 ὑακινθίνας
2482 1121 2601 1199 τὰς
2616 1139 2687 1188 487

447 1228 680 1306 τρίχας
722 1217 928 1312 αὐτῆς
971 1223 1298 1310 λεγόντων
1338 1229 1453 1292 καὶ
1497 1221 1737 1305 οὔλους
1776 1225 1967 1303 τινας
2010 1225 2397 1310 πλοκάμους
2442 1217 2602 1291 ἂνα-

451 1320 834 1392 πλεκόντων
885 1329 1000 1393 καὶ
1056 1329 1346 1405 σελίνοις
1401 1329 1559 1406 τοὺς
1611 1328 1781 1417 μηδὲ
1834 1321 2011 1406 ὅλως
2066 1323 2267 1406 ὄντας
2312 1326 2599 1406 εἰκαζόν-

379 1437 420 1494 6
451 1453 602 1493 των.
677 1433 738 1494 6.
785 1424 1108 1496 ἁπάντων
1153 1418 1270 1495 οὗν
1311 1433 1447 1496 τῶν
1488 1431 1812 1498 τοιούτων
1853 1432 2170 1516 κατεγέλα
2212 1433 2347 1496 τῶν
2392 1453 2599 1515 παρεή

443 1529 703 1610 χόντων
749 1525 989 1608 αὖτοὺς
1031 1542 1178 1608 τοῖς
1217 1531 1484 1616 κόλαξι,
1528 1534 1643 1598 καὶ
1686 1537 2087 1615 προσετίθει
2132 1531 2205 1597 δὲ
2246 1525 2353 1598 ὅτι
2397 1530 2489 1619 μὴ
2534 1529 2599 1596 ἐν

451 1631 760 1710 ἐπαίνοις
813 1632 1050 1715 μόνον,
1111 1627 1282 1698 ἆλλᾶ
1335 1636 1451 1699 καὶ
1494 1632 1564 1700 ἐν
1613 1649 1909 1723 γραφαῖς
1961 1633 2045 1700 τὰ
2102 1625 2307 1716 ὅμοια
2363 1635 2599 1700 πολλοὶ

448 1734 941 1802 κολακεύεσθαί
1007 1760 1083 1801 τε
1155 1738 1269 1802 καὶ
1343 1735 1825 1813 ἐξαπατᾶσθαι
1894 1738 2203 1804 θέλουσι.
2294 1742 2603 1819 χαίρουσι

448 1839 640 1921 γοῦν,
699 1835 862 1925 ἔφη,
916 1841 1050 1904 τῶν
1104 1843 1417 1924 γραφέων
1470 1837 1745 1917 ἐκείνοις
1800 1839 2129 1924 μάλιστα,
2186 1842 2255 1904 οἳ
2304 1828 2389 1904 ὃν
2434 1837 2603 1923 πρὸς

445 1936 523 2004 τὸ
585 1931 1076 2027 εὖμορφότερον
1135 1934 1376 2018 αὖτοὺς
1432 1940 1819 2008 εἰκάσωσιν·
1888 1938 2061 2008 εἶναι
2128 1941 2201 2007 δέ
2255 1965 2475 2018 τινας,
2541 1943 2603 2006 οἳ

446 2042 560 2106 καὶ
617 2040 1115 2126 προστάττουσι
1171 2054 1318 2121 τοῖς
1372 2049 1702 2125 τεχνίταις
1742 2032 1785 2132 ἢ
1832 2036 2107 2130 ἀφελεῖν
2148 2068 2219 2110 τι
2259 2047 2379 2128 τῆς
2424 2041 2603 2130 ῥινὸς

448 2132 492 2226 ἢ
534 2141 904 2228 μελάντερα
946 2143 1357 2230 γράψασθαι
1386 2144 1471 2211 τὰ
1516 2140 1788 2229 ὄμματα
1832 2135 1875 2231 ἢ
1922 2145 1964 2212 δ’
2004 2171 2073 2212 τι
2116 2135 2198 2211 ἂν
2242 2141 2407 2211 ἄλλο
2456 2143 2604 2212 ἐπι-

451 2244 854 2334 θυμήσωσιν
899 2241 1127 2324 αὑτοῖς
1171 2261 1555 2334 προσεῖναι,
1603 2243 1749 2314 εἶτα
1793 2248 2155 2315 λανθάνειν
2202 2243 2443 2325 αὖτοὺς
2490 2241 2604 2313 ἆλ-

451 2349 723 2431 λοτρίας
781 2347 1040 2427 εἰκόνας
1083 2353 1580 2437 στεφανοῦντας
1620 2353 1730 2417 καὶ
1776 2343 1967 2416 οὐδὲν
2012 2343 2248 2428 αὐτοῖς
2293 2348 2603 2427 ἐοικυίας.

381 2458 414 2512 '7
453 2457 513 2517 7.
556 2454 769 2517 ταῦτα
813 2451 886 2517 δὲ
912 2454 1022 2518 καὶ
1053 2449 1138 2517 τὰ
1169 2455 1452 2518 τοιαῦτα
1496 2452 1678 2538 ἔλεγε
1719 2451 1804 2518 τὰ
1846 2452 1969 2536 μὲν
2015 2447 2186 2518 ἰῖλλα
2230 2451 2604 2519 ἐπαινοῦσα

445 2555 567 2619 τοῦ
625 2552 1164 2640 συγγράμματος,
1232 2556 1303 2620 ἓν
1367 2553 1441 2619 δὲ
1493 2557 1689 2620 τοῦτο
1748 2548 1825 2622 οὗ
1893 2559 2223 2639 φέρουσα,
2291 2547 2401 2621 ὅτι
2456 2568 2605 2630 ταῖς

446 2659 649 2732 θεαῖς
691 2650 896 2742 αὐτὴν
929 2648 1112 2743 “Hpq
1153 2657 1264 2722 καὶ
1304 2649 1677 2743 Ἀφροδίτῃ
1724 2655 2029 2733 εἴκασας·
2082 2651 2254 2741 ὑπὲρ
2301 2653 2415 2739 ἐμὲ
2459 2655 2605 2741 γάρ,

450 2763 647 2844 φησί,
712 2757 966 2840 μᾶλλον
1033 2757 1105 2823 δὲ
1160 2753 1331 2844 ὑπὲρ
1390 2757 1665 2824 ἅπασαν
1720 2756 1841 2846 τὴν
1898 2751 2339 2845 ἀνθρωπίνην
2400 2757 2606 2844 φύσιν

447 2857 532 2924 τὰ
561 2862 861 2926 τοιαῦτα.
937 2857 1061 2944 ἐγώ
1107 2859 1183 2927 δέ
1219 2882 1297 2926 σε
1343 2853 1489 2926 οὐδ’
1542 2859 1757 2927 ἐκεῖνα
1799 2854 2048 2947 ἠξίουν,
2092 2872 2243 2938 ταῖς
2285 2856 2611 2947 ἡρωΐναις

450 2967 928 3049 παραθεωρεῖν
970 2985 1056 3046 με
1107 2962 1473 3050 Πηνελόπῃ
1528 2965 1641 3030 καὶ
1685 2955 1954 3083 Ἀρήτῃ
1989 2966 2102 3030 καὶ
2152 2967 2430 3042 Θεανοῖ,
2494 2957 2609 3044 οὐχ

451 3063 640 3141 οπως
695 3067 883 3129 θεων
923 3077 1072 3143 ταῖς
1131 3057 1472 3151 ἀρίσταις·
1530 3068 1643 3132 καὶ
1697 3062 1825 3150 γὰρ
1872 3093 1953 3132 av
1998 3067 2111 3132 καὶ
2154 3064 2335 3145 τόδε,
2388 3063 2609 3144 Πάνυ,

451 3166 609 3255 ε’φη,
666 3164 752 3232 τὰ
809 3164 983 3251 πρὸς
1035 3191 1192 3244 τους
1251 3165 1455 3244 θεοὺς
1513 3166 2028 3252 δεισιδαιμόνως
2084 3170 2194 3235 καὶ
2239 3167 2694 3255 ψοφοδεῶς488

453 3267 600 3352 ἔχω.
691 3268 880 3336 δέδια
924 3274 1147 3336 τοίνυν
1189 3267 1280 3358 μὴ
1328 3269 1498 3335 κατὰ
1539 3266 1662 3351 τὴν
1703 3274 2165 3338 Κασσιέπειαν
2211 3265 2385 3338 εἶναι
2432 3270 2610 3348 δόξω

451 3370 570 3440 τὸν
598 3374 903 3438 τοιοῦτον
948 3370 1231 3438 ἔπαινον
1261 3375 1705 3460 προσιεμένη·
1753 3377 1975 3439 καίτοι
2015 3375 2348 3460 Νηρηΐσιν
2394 3369 2607 3459 ἐκείνη

387 3477 424 3534 8
453 3467 950 3562 άντεξητάζετο,
987 3465 1204 3556 (Ἡραν
1250 3473 1322 3539 δὲ
1365 3477 1480 3540 καὶ
1514 3466 1925 3563 Ἀφροδίτην
1970 3473 2215 3559 ἐ’σεβεν.
2304 3477 2362 3540 8.
2411 3467 2608 3554 ὥστε,

451 3564 504 3642 ὦ
548 3584 837 3657 Λυκῖνε,
889 3573 1324 3662 μεταγράψαι
1369 3598 1446 3641 σε
1487 3573 1573 3642 τὰ
1615 3579 1895 3643 τοιαῦτα
1940 3575 2301 3657 ἐκέλευσεν,
2350 3565 2392 3662 ἢ
2438 3572 2603 3660 αὐτὴ

450 3678 570 3762 μὲν
626 3677 1108 3764 μαρτύρασθαι
1149 3675 1273 3756 τὰς
1316 3676 1490 3757 θεὰς
1533 3673 1627 3756 ὥς
1671 3672 1957 3767 ἀκούσης
2000 3671 2204 3765 αὐτῆς
2246 3683 2605 3767 γέγραφας,

453 3781 528 3848 σὲ
583 3780 655 3846 δὲ
711 3778 960 3846 εἰδέναι
1015 3771 1124 3846 ὅτι
1177 3772 1444 3848 ἀνιάσει
1496 3773 1700 3868 αὐτὴν
1742 3779 1820 3848 τὸ
1878 3783 2143 3867 βιβλίον
2188 3779 2361 3848 οὕτω
2408 3805 2607 3868 περι-

453 3883 758 3962 νοστοῦν,
834 3873 1063 3967 ὥσπερ
1136 3883 1247 3948 νῦν
1314 3904 1426 3949 σοι
1492 3880 1849 3963 διάκειται,
1926 3875 2003 3951 οὗ
2068 3880 2252 3964 μάλα
2317 3874 2608 3966 εὐσεβῶς

453 3975 607 4050 οὐδὲ
652 3977 858 4059 ὁσίως
885 3980 970 4049 τὰ
1003 3981 1176 4068 πρὸς
1209 3982 1366 4062 τούς
1411 3980 1636 4061 θεούς.
1706 3981 1942 4051 ’ἐδόκει
1983 4007 2057 4050 τε
2101 3977 2405 4072 ἀσέβημα
2451 3982 2607 4050 ἑαυ-
