2750 4534
1089 270 1360 323 GALLUS.
2179 274 2209 329 1
2223 274 2260 331 9
2271 274 2300 329 l

364 440 524 501 faeta
566 444 667 503 vel
708 454 826 503 no'n
885 444 1046 505 facta
1090 460 1221 503 esse
1270 443 1555 504 dolemus·
1646 444 1724 505 cf.
1784 462 1968 522 supra
2005 442 2126 527 χρὴ
2184 444 2306 527 γὰρ

361 542 636 625 τάληθὲς
697 548 920 624 λέγειν.
987 578 1061 589 -—
1124 541 1674 621 ἀπολιμπάνεις
1747 542 1772 627 ΙΙ
1845 598 1859 611 .
1930 598 1944 611 .
2015 599 2029 611 .
2103 572 2306 625 νοις

362 640 554 705 ΩΓΦ
597 647 746 723 UpS.

139 763 191 804 ο.
227 750 330 807 19.
362 770 531 824 γενν.
589 743 1047 829 ἀλεκτρυόνων
1081 748 1104 827 ΙΙ
1138 746 1192 813 α’.
1242 771 1366 827 γεν.
1403 743 1595 808 ΩΓΦ
1627 750 1775 826 Ups.
1821 784 1904 809 τ·-
1945 759 2258 832 Περικλῆς
2288 748 2309 834 [Ι

363 840 405 908 ὃ
448 857 523 915 Π.
572 844 783 911 ΩΓΦ.
1607 928 1614 933 ἢ

139 967 189 1008 o.
219 955 328 1011 20.
362 958 681 1027 Κυνίσκος
734 952 757 1033 ΙΙ
787 948 1069 1028 Κυνικός
1112 951 1217 1015 Fr.
1246 952 1498 1014 Mehler.
1543 986 1628 997 --
1671 951 1943 1033 ου’κοίν,
1988 949 2042 1018 ὦ
2086 962 2307 1019 Πυθα-

144 1684 194 1725 o.
222 1671 329 1727 21.

145 1788 195 1827 o.
224 1772 333 1829 22.

146 1889 195 1929 ο.
224 1874 333 1931 23.

144 2603 189 2645 o.
216 2588 321 2645 24.

142 3622 191 3664 c.
216 3608 321 3665 25.

365 1052 549 1137 γόρα,
588 1059 719 1117 καὶ
762 1056 945 1119 εἴτι
984 1050 1333 1131 μάλιστα
1372 1060 1699 1135 χαίροις
1744 1053 2259 1133 καλούμενος
2289 1056 2309 1137 ΙΙ

368 1162 789 1221 ...καίτοι
831 1163 906 1220 τί
946 1151 1295 1231 μα’λιστα
1334 1164 1651 1238 χαίρεις
1694 1157 2083 1235 xcxi-,3de12
2114 1158 2306 1219 firma·

364 1265 487 1319 tum
544 1258 813 1319 codicum
871 1260 1217 1319 auctoritate
1248 1259 1412 1339 Πρε.
1473 1262 1706 1336 (καίτοι
1759 1258 1844 1334 τι)
1891 1254 2014 1318 ΩΓ
2071 1261 2305 1335 (καίτοι

363 1360 472 1441 τί).
543 1360 633 1421 cf.
679 1360 984 1421 Lucianea
1026 1380 1087 1437 p.
1134 1364 1267 1425 108.
1315 1394 1402 1404 —-
1443 1364 1664 1425 διοίσει
1694 1358 1886 1426 οὐδὲν
1929 1354 2108 1442 ἧντ’
2137 1360 2298 1441 EQ.

364 1456 515 1541 ἤντε
580 1470 827 1541 Πυθαγ.
889 1456 935 1542 ἢ
997 1461 1159 1527 Ἀσπ.
1205 1471 1406 1543 καλῇς
1461 1456 1508 1543 ἢ
1547 1473 1656 1545 Κρ.
1716 1460 1738 1545 ΙΙ
1791 1455 1965 1544 ἧντ’
2016 1498 2088 1509 -—
2138 1457 2177 1545 ἢ
2224 1500 2304 1509 —-

363 1556 542 1644 ’ἧντ’
585 1558 799 1636 (ΩΓΦ
829 1564 1002 1641 Πρε.)
1052 1598 1133 1608 -
1177 1562 1215 1645 ἢ
1262 1564 1425 1625 det.
1471 1565 1720 1626 Mehler.

364 1671 499 1729 καὶ
542 1657 584 1746 ἦ
596 1689 635 1729 ν
677 1690 745 1729 τε
802 1668 1091 1747 ἐσφέρειν
1135 1669 1257 1747 δὲῃ.
1346 1666 1438 1727 Of.
1484 1668 1564 1727 ad
1605 1668 1826 1728 Toxar.
1876 1686 1928 1727 o.
1963 1672 2064 1728 20.

367 1763 859 1848 τυραννήσεις
892 1768 914 1847 ΙΙ
947 1782 1336 1849 τυραννεῖς
1382 1762 1574 1828 ΩΓΦ
1605 1770 1752 1845 Πρε.

366 1866 790 1949 πρόσεισιν
844 1866 867 1949 ΙΙ
929 1866 1462 1947 ἐπιβουλεύει
1505 1865 1697 1931 ΩΓΦ
1727 1872 1826 1931 Fr.
1898 1870 2146 1932 Secutus
2175 1888 2305 1930 sum

368 1974 621 2048 optimos
668 1972 929 2050 codices,
978 1972 1135 2048 quod
1179 1974 1261 2033 ita
1304 1974 1522 2033 rectius
1566 1992 1678 2050 per
1719 1974 2009 2051 imagines
2038 1972 2307 2049 procedit

365 2076 567 2139 oratio,
617 2108 703 2119 --
746 2072 1249 2151 ἀποσεισάμενος
1292 2072 1411 2156 τὴν
1449 2067 1612 2157 ἄσην
1643 2071 1668 2157 ΙΙ
1713 2074 1816 2140 ἀπ.
1868 2073 2137 2158 ἀσιτίᾳ
2179 2072 2300 2157 τὴν

368 2168 532 2256 ἄσην
555 2174 714 2240 det.
753 2179 879 2255 (τῆι
910 2174 1119 2259 ἀσιτίᾳ
1150 2170 1294 2250 ΓΦ)
1326 2181 1628 2254 „expulso
1657 2178 1864 2239 morbo
1896 2180 2186 2241 ieiuni0.“
2216 2211 2290 2221 —

362 2285 623 2359 ψυχροῦ
666 2302 745 2341 τε
775 2276 954 2359 ὁρῶν
992 2276 1484 2359 ἐμφορούμενον
1516 2277 1536 2359 fl
1572 2298 1650 2341 σε
1680 2280 1826 2353 (Fr.)
1856 2278 2018 2339 det.
2049 2278 2293 2343 Mehler.

362 2414 444 2423 —-
476 2376 935 2461 καταδύσης
979 2388 1090 2461 τῆς
1134 2385 1519 2459 τυραννίδος
1565 2376 1588 2461 ΙΙ
1621 2385 2110 2455 καταλυθεὶς
2152 2406 2206 2443 τ.
2240 2406 2292 2446 τ.

360 2476 553 2541 ΩΓΦ
582 2483 729 2559 Πρε.

349 2579 579 2664 ’Ἠρχον
621 2588 739 2660 μὲν
784 2581 906 2648 οὐκ
965 2582 1183 2664 ὀλίγης
1233 2580 1452 2663 χώρας
1497 2635 1510 2647 .
1560 2634 1572 2647 .
1622 2636 1634 2647 .
1701 2584 1769 2645 ἐν
1826 2596 1966 2658 ταῖς
2019 2578 2296 2658 μάλιστα

358 2682 806 2765 θαυμάζεσθαι
852 2683 1084 2763 ἀξίας
1116 2683 1139 2764 ΙΙ
1172 2682 1434 2762 ἀξίαις
1473 2685 1640 2746 det..
1671 2684 1877 2749 firmat.
1911 2686 2040 2744 solo
2070 2685 2144 2761 A,
2189 2685 2299 2743 sed

361 2806 547 2853 somn.
583 2806 637 2849 e.
670 2792 705 2847 2
743 2784 1063 2865 ’λιθοξόος
1094 2789 1161 2851 ἐν
1206 2801 1345 2863 τοῖς
1372 2784 1646 2865 μάλιστα
1691 2785 2054 2863 είδοκίμοις
2084 2780 2290 2849 ΩΦΓ.

361 2923 437 2933 -
490 2888 810 2954 κάκείνων
854 2887 975 2970 γὰρ
1019 2890 1357 2965 ἕκαστος
1405 2890 1796 2954 ἔκτοσθεν
1838 2892 1981 2965 μὲν
2013 2897 2297 2952 Ποσει-

362 2996 522 3055 δῶν
566 3016 685 3067 τις
729 2987 753 3070 11
796 2990 1115 3054 κάκείνων
1160 2988 1282 3072 γὰρ
1326 2988 1419 3055 τὰ
1464 2988 1696 3067 ἐκτὸς
1741 2988 1778 3054 ὃ
1820 2995 1963 3067 μὲν
2009 2998 2194 3055 Ποσ.
2228 3043 2240 3055 .
2278 3042 2291 3056 .

359 3118 456 3169 τις
500 3092 665 3153 det.
754 3092 1121 3169 Optimorum
1166 3094 1434 3155 codicum
1484 3088 1697 3170 (ΩΓΦ
1728 3094 1902 3172 Ups.)
1945 3093 2062 3154 fide
2107 3092 2294 3154 fretus

360 3197 593 3256 restitui
648 3190 727 3257 τὰ
787 3191 1000 3271 ἐκτὸς,
1048 3198 1325 3256 omisso
1381 3196 1676 3260 ἓκαστο
1695 3220 1727 3271 ς
1773 3196 1932 3272 quod
1991 3214 2066 3255 ex
2127 3197 2298 3256 ditto-

361 3297 616 3375 graphia
657 3298 959 3372 sequentis
1004 3292 1186 3372 ἐκτὸς
1231 3299 1385 3357 male
1443 3299 1745 3359 insertum.
1812 3296 2161 3373 Oppositum
2208 3302 2300 3357 est

356 3402 537 3478 paulo
566 3398 722 3459 infra
749 3396 831 3479 ἢν
863 3401 927 3461 δὲ
954 3394 1298 3476 ὑποκύψας
1329 3400 1463 3479 ἴδῃς
1493 3395 1587 3463 τά
1622 3397 1691 3478 γ’
1728 3400 1979 3463 ἔνδον.
2032 3391 2073 3459 ὃ
2097 3400 2298 3459 addidi

360 3520 438 3563 ex
482 3502 613 3562 cod.
659 3495 847 3560 ΦΓΦ
892 3500 1039 3577 Ups.
1087 3534 1169 3545 —-
1212 3498 1250 3581 ἢ
1293 3509 1606 3579 μυγαλῶν
1653 3498 1676 3582 ss
1725 3496 1789 3584 []
1836 3500 1997 3562 det.
2043 3502 2294 3561 Mehler.

354 3600 434 3668 τό
463 3628 532 3682 γε
555 3598 921 3681 ἐξελαύνειν
953 3649 967 3662 .
998 3654 1011 3667 .
1048 3654 1061 3666 .
1099 3600 1680 3682 προσκυνούμενον
1711 3608 2058 3679 δαιμονίως
2087 3604 2297 3667 ἔοικεν

355 3698 615 3781 ὅντως
658 3712 753 3789 τῷ
797 3709 1189 3788 κολοσσιαίῳ
1235 3708 1690 3784 παραδείγματι
1721 3703 1745 3783 ΙΙ
1779 3695 2082 3787 [ὅντως]
2135 3705 2296 3765 det.

356 3826 475 3868 non
533 3811 698 3867 recte
757 3808 968 3882 opinor
1010 3810 1359 3883 δαιμονίως
1414 3808 1841 3867 coniunxerunt
1904 3825 2035 3866 cum
2102 3824 2298 3887 προσ-

352 3904 781 3987 κυνούμενον,
806 3907 966 3984 quod
988 3926 1097 3983 per
1118 3925 1185 3967 se
1208 3907 1504 3985 significat
1534 3909 1786 3970 adorare
1813 3912 2093 3984 tanquam
2126 3910 2298 3969 deum

356 4009 434 4070 cf.
482 4011 679 4086 Fugit.
724 4028 775 4069 o.
811 4014 845 4069 3
893 4014 1250 4088 μονονουχὶ
1286 4017 1826 4090 προσκυνοῦντες.
1903 4011 2087 4071 Immo
2132 4015 2170 4073 δ
2182 4034 2296 4073 αι-
