2750 4534
1100 280 1369 336 ΕΡΩΤΕΣ.
2272 281 2313 340 9

153 457 274 540 τῆς
301 455 495 518 θεοῦ.
567 455 782 537 πέρας
829 450 900 518 αἱ
932 450 1226 538 σφοδραὶ
1271 452 1405 516 τῶν
1449 448 1517 516 ἐν
1548 443 1732 536 αὐτῷ
1775 450 2025 518 πόθων
2070 449 2311 518 ἐπιτά-

156 577 299 632 σεις
347 551 848 642 ἐπενοήθησαν,
907 548 1152 640 εὑρέθη
1213 551 1284 618 δὲ
1327 550 1544 636 τόλμα
1601 556 1720 636 τῆς
1763 550 2137 635 ἐπιθυμίας
2179 580 2313 637 μα-

155 656 490 741 στροπός·
536 652 661 745 ἤδη
705 653 832 742 γὰρ
878 654 995 722 ἐπὶ
1041 648 1230 722 δύσιν
1285 651 1481 744 ἡλίου
1522 657 1861 734 κλίνοντος
1914 649 2130 742 ἠρέμα
2189 658 2309 721 λα-

151 757 307 825 θῶν
366 757 522 837 τοὺς
563 757 910 843 παρόντας
954 752 1216 824 ὄπισθε
1275 759 1396 846 τῆς
1438 756 1661 844 θύρας
1703 757 2151 847 παρεισερρύη
2196 761 2309 825 καὶ

154 859 323 940 στὰς
382 853 646 949 ἀφανὴς
703 857 1037 927 ἐνδοτάτω
1095 857 1330 942 σχεδὸν
1398 853 1541 926 οὐδ’
1608 853 1961 927 ἀναπνέων
2019 854 2311 947 ἠτρέμει,

154 961 474 1050 συνήθως
532 962 605 1030 δὲ
661 966 796 1029 τῶν
842 960 1133 1047 ζακόρων
1191 961 1448 1040 ἔξωθεν
1504 960 1624 1052 τὴν
1667 961 1888 1052 θύραν
1946 961 2311 1050 ἐφελκυσα-

151 1069 376 1148 μένων
433 1063 621 1132 ἔνδον
679 1060 715 1130 ὅ
775 1062 1004 1142 καινὸς
1051 1056 1360 1153 Ἀγχίσης
1416 1069 1795 1151 καθεῖρκτο.
1895 1068 2007 1132 καὶ
2064 1071 2132 1132 τί
2184 1063 2313 1152 γὰρ

156 1161 448 1258 ἀρρήτου
506 1165 738 1244 νυκτὸς
793 1164 919 1253 ἐγώ
975 1166 1229 1251 τόλμαν
1284 1162 1323 1255 ἡ
1386 1166 1588 1245 λάλος
1654 1161 1768 1234 ἐπ’
1835 1161 2102 1255 ἀκριβὲς
2156 1164 2311 1252 ὑμῖν

157 1271 554 1358 διηγοῦμαις
606 1273 737 1337 τῶν
797 1268 1128 1356 ἐρωτικῶν
1184 1269 1617 1355 περιπλοκῶν
1672 1269 1817 1359 ἰ’χνη
1877 1274 2087 1336 ταῦτα
2138 1265 2304 1354 μεθ’

155 1368 414 1458 ἡμέραν
473 1366 676 1460 ὤφθη
735 1374 851 1439 καὶ
902 1370 1020 1438 τὸν
1079 1373 1324 1438 σπίλον
1371 1369 1539 1456 εἶχεν
1597 1367 1638 1461 ἦ
1684 1371 1852 1451 θεὸς
1908 1366 2002 1439 ῶν
2048 1373 2313 1440 ἐ’παθεν

157 1475 444 1560 ἔλεγχον.
525 1467 725 1540 αὐτόν
767 1498 843 1560 γε
883 1471 1014 1560 μὴν
1055 1472 1175 1540 τὸν
1217 1480 1504 1554 νεανίαν,
1551 1470 1643 1552 ῶς
1686 1470 1721 1540 ὅ
1772 1473 2082 1562 δημώδης
2128 1475 2311 1541 ἱστο-

156 1589 260 1660 ρεῖ
305 1577 528 1662 λόγος,
573 1566 617 1664 ἢ
659 1575 828 1643 κατὰ
873 1579 1138 1663 πετρῶν
1184 1599 1394 1664 φασιν
1440 1565 1481 1664 ἢ
1525 1574 1691 1642 κατὰ
1736 1577 2060 1663 πελαγίου
2103 1576 2313 1660 κύμα-

155 1702 274 1756 τος
310 1676 666 1761 ἐνεχθέντα
712 1679 1058 1757 παντελῶς
1104 1671 1336 1766 ἆφανῆ
1376 1682 1719 1763 γενέσθαι.
1799 1683 1898 1745 17.
1942 1681 2153 1744 ταῦτα
2197 1681 2315 1766 τῆς
2347 1686 2416 1740 17

160 1779 443 1865 ζακόρου
503 1780 934 1869 διηγουμένης
989 1779 1237 1864 μεταξὺ
1297 1784 1419 1847 τοῦ
1463 1780 1661 1867 λόγου
1714 1780 2081 1899 διαβοήσας
2126 1777 2313 1848 εἶπεν

60 1879 194 1950 41τὸ
241 1883 620 1970 Χαρικλῆς,
696 1876 950 1950 Οὐκοῦν
1004 1881 1082 1950 τὸ
1128 1883 1340 1969 θῆλυ,
1398 1908 1524 1949 καν
1568 1885 1922 1970 λίθινονῃ
1928 1884 2313 2006 ,φιλεῖται.

155 1989 226 2052 τί
271 1979 378 2065 δ’,
439 1987 502 2052 ει
557 2009 662 2063 τις
705 1984 1005 2071 ἔμψυχον
1063 1981 1200 2052 εἶδε
1243 1988 1510 2052 τοιοῦτο
1568 1979 1851 2070 κάλλος,·
1903 1972 2014 2073 αρ’
2069 1980 2188 2052 οὐκ
2234 2013 2314 2052 αν

155 2083 195 2177 ἦ
243 2037 378 2170 μία
432 2086 552 2164 νὺξ
603 2090 736 2154 τῶν
793 2090 913 2153 τοῦ
957 2086 1132 2164 Διὸς
1189 2086 1545 2176 σκήπτρων
1588 2084 1902 2172 ἐτιμᾶτο,·
1957 2087 2315 2172 μειδιάσας

159 2190 233 2255 δὲ
277 2185 313 2256 o‘
360 2189 928 2276 Καλλικρατίδας,
997 2183 1316 2266 Οὐδέπω,
1386 2195 1625 2312 φησίν,
1692 2189 1921 2274 ἰ’σμεν,
1983 2176 2039 2256 ῶ
2092 2197 2315 2276 Χαρί-

155 2293 355 2372 κλεις,
403 2290 463 2358 εἰ
492 2294 766 2358 πολλῶν
811 2284 1245 2376 ακουσόμεθα
1289 2292 1613 2359 τοιούτων
1660 2292 2102 2381 διηγημάτων,
2151 2318 2316 2360 οταν

160 2394 228 2460 ἐν
277 2399 616 2472 Θεσπιαῖς
660 2393 1035 2481 γενώμεθα.
1122 2397 1234 2461 καὶ
1280 2398 1393 2461 νῦν
1452 2394 1523 2461 δὲ
1568 2398 1689 2483 τῆς
1730 2390 1866 2462 ὑπὸ
1916 2399 2037 2462 σοῦ
2083 2395 2314 2483 ζηλου-

157 2500 362 2584 μένης
394 2489 806 2585 Ἀφροδίτης
851 2495 1116 2583 ἐναργές
1160 2495 1306 2564 ἐστι
1349 2500 1547 2564 τοῦτο
1595 2497 1849 2582 δεῖγμα.
1923 2500 2086 2575 Πῶς
2100 2527 2121 2580 ,·
2168 2496 2314 2584 ἐρο-

156 2604 360 2680 μένου
417 2601 537 2664 τοῦ
580 2599 1023 2681 Χαρικλέους,
1084 2593 1251 2683 ἄγαν
1309 2601 1630 2675 πιθανῶς
1682 2623 1803 2681 μοι
1858 2596 2045 2676 ἐ’δοξε
2101 2600 2315 2684 λέγειν

158 2695 192 2766 ὅ
239 2700 813 2786 Καλλικρατίδας·
873 2699 1000 2788 ἔφη
1055 2697 1182 2786 γὰρ
1238 2695 1330 2778 ὥς
1375 2697 1410 2767 ὁ
1460 2698 1777 2786 ἐρασθεὶς
1830 2707 2096 2779 νεανίας
2140 2725 2315 2765 παν-

159 2797 354 2885 νύχου
414 2802 650 2888 σχολῆς
706 2801 1104 2887 λαβόμενος,
1165 2796 1348 2868 ὥσθ’
1414 2793 1573 2890 ὅλην
1630 2810 1751 2869 τοῦ
1810 2801 2087 2880 πάθους
2142 2803 2314 2886 ἔχειν

157 2904 470 2983 ἐξουσίαν
525 2907 965 2989 κορεσθῆναι,
1034 2905 1368 2981 παιδικῶς
1432 2907 1531 2990 τῷ
1590 2905 1769 2992 λίθῳ
1837 2908 2315 2993 προσωμίλησε

151 3007 526 3094 βουληθεὶς
584 2999 715 3073 οἶδ’
768 3031 877 3073 οτι
921 3003 1084 3094 μηδ’
1147 3004 1214 3073 ἐν
1257 3010 1356 3092 τῶ
1400 3004 1603 3093 θήλει
1658 3006 1969 3092 πρόσθεν
2016 3003 2189 3074 εἶναι
2233 3007 2308 3073 τὸ

154 3110 357 3197 θῆλυ.
443 3109 714 3176 πολλῶν
775 3133 889 3175 ουν
935 3102 1222 3194 ἆκρίτων
1267 3102 1873 3196 ἆφυλακτουμένων
1921 3107 2133 3194 λόγων
2194 3109 2315 3175 τὸν

154 3213 453 3327 συμμιγῆ
497 3209 939 3287 καταπαύσας
981 3209 1106 3298 ἐγώ
1151 3209 1471 3295 θόρυβον,
1515 3205 1813 3297 ’Ἀνδρες,
1862 3208 2085 3294 εἶπον,
2132 3210 2314 3279 ἑταῖ-

151 3338 296 3395 ροι,
368 3314 482 3399 τῆς
544 3337 714 3378 κατα
779 3311 1029 3397 κόσμον
1095 3311 1333 3395 ε’χεσθε
1400 3311 1757 3400 ζητήσεως,
1828 3308 1919 3390 ὡς
1972 3337 2315 3398 ευπρεπης
2399 3400 2403 3404 ¹

151 3415 301 3482 ἐστι
347 3413 554 3497 νόμος
595 3414 934 3493 παιδείας.
1011 3407 1509 3501 ἀπαλλαγέντες
1555 3400 1669 3482 οὖν
1713 3417 1832 3501 τῆς
1869 3413 2155 3481 ἀτάκτου
2199 3417 2311 3480 καὶ

151 3521 374 3601 πέρας
433 3509 624 3582 οὐδὲν
670 3513 945 3605 ἐχούσης
989 3517 1404 3605 φιλονεικίας
1460 3515 1528 3582 ἐν
1571 3520 1763 3599 μέρει
1806 3512 1976 3600 ὑπὲρ
2030 3519 2149 3601 τῆς
2194 3509 2315 3581 αὗ-

151 3618 272 3697 τὸς
303 3616 548 3685 ἑαυτοῦ
593 3618 790 3707 δόξης
832 3616 1142 3704 ἑκάτερος
1189 3613 1687 3686 ἆποτείνασθε·
1730 3621 1842 3685 καὶ
1884 3616 2011 3704 γὰρ
2043 3611 2313 3684 οὐδέπω

59 3719 397 3805 flammas
453 3718 570 3787 ἐπὶ
615 3723 774 3788 ναῦν
821 3715 1134 3788 ἆπιέναι·
1192 3724 1275 3809 τῇ
1321 3720 1396 3786 δὲ
1440 3720 1642 3807 σχολῇ
1683 3725 2170 3809 καταχρηστέον
2216 3719 2316 3799 εἰς

153 3821 400 3911 ἱλαρὰν
456 3823 568 3890 καὶ
615 3820 784 3907 μετὰ
827 3831 1135 3908 τέρψεως
1180 3815 1530 3913 ὠφελῆσαι
1575 3822 1943 3910 δυναμένην
1989 3823 2311 3909 σπουδήν.

153 3922 608 4004 ὖπεκστάντές
654 3951 768 3993 ουν
813 3927 932 3992 τοῦ
977 3923 1102 3993 νεῶ
1151 3961 1233 3974 ·-
1279 3925 1491 4004 πολὺς
1533 3923 1660 4012 γὰρ
1706 3920 1743 3991 6
1787 3918 1932 3990 κατ’
1972 3920 2313 4011 εὐσέβειαν

157 4027 538 4117 ἐπιφοιτῶν
583 4022 776 4111 οχλος
819 4067 905 4077 -
951 4027 1047 4107 εἰς
1093 4026 1161 4096 ἕν
1205 4053 1272 4095 τι
1314 4031 1448 4095 τῶν
1492 4033 1887 4111 συμποσίων
1934 4021 2311 4095 αποκλίνω-
