2750 4534
832 278 836 283 ·
853 250 1014 311 ΖΕΥΣ
1049 249 1551 305 ΕΛΕΓΧΟΜΕΝΟΣ.
2204 247 2282 303 87

297 425 508 485 ΚΥΝ.
593 412 758 485 Ἰδού
806 423 1048 500 ταῦτα,
1109 405 1162 485 ῶ
1208 423 1373 486 Ζεῦ·
1436 412 1721 504 ἀνέγνως
1764 416 1891 504 γὰρ
1939 419 2135 503 δῆλον
2180 409 2288 484 ὅτι

128 523 233 587 καὶ
281 519 366 587 σὺ
409 519 491 586 τὰ
519 517 803 606 Ὁμήρου
849 524 960 588 καὶ
998 516 1311 588 Ἡσιόδου
1358 520 1743 608 ποιήματα·
1793 518 1943 585 εἰπὲ
1990 506 2105 585 οὖν
2148 546 2284 602 μοι,

131 623 185 688 εἰ
230 616 460 710 ἆληθῆ
514 620 656 689 ἐστι
699 620 785 689 τὰ
830 626 986 708 περὶ
1033 626 1149 709 τῆς
1194 624 1618 709 Εἱμαρμένης
1660 624 1770 688 καὶ
1818 624 1951 686 τῶν
1998 624 2287 705 Μοιρῶν

43 719 172 789 62Ἷᾶ
216 723 458 791 ἐκεῖνοι
503 722 1092 813 ἐρραψῳδήκασιν,
1153 720 1417 812 ι’ίφυκτα
1464 722 1635 791 εἶναι
1683 719 1911 790 ὁπόσα
1959 712 2039 788 ἂν
2088 716 2286 789 αὗται

135 824 504 911 ἒπινήσωσι
547 830 908 911 γεινομένῳ
953 820 1230 912 ἑκάστῳ.

291 933 544 994 ΖΕΥΣ.
632 931 770 995 Καὶ
815 928 994 994 πάνυ
1050 922 1272 1015 ἀληθῆ
1317 930 1555 993 ταῦτα·
1618 921 1807 992 οὐδὲν
1850 926 1976 1011 γάρ
2023 925 2201 992 ἐστιν
2247 917 2286 991 δ’

128 1055 188 1095 τι
230 1028 319 1117 μὴ
357 1030 429 1096 αἱ
459 1035 730 1115 Μοῖραι
776 1029 1264 1111 διατάττουσιν,
1313 1023 1483 1095 άλλὰ
1532 1027 1756 1095 πάντα
1802 1025 2030 1095 ὁπόσα
2074 1033 2286 1113 γίγνε-

128 1156 265 1210 ται,
323 1128 460 1198 ὑπὸ
505 1134 603 1216 τῷ
660 1129 912 1197 τούτων
973 1124 1278 1217 ἀτράκτῳ
1333 1130 1755 1218 στρεφόμενα
1802 1123 2007 1207 εὐθὺς
2053 1127 2125 1207 ἐξ
2168 1122 2285 1212 ἆρ-

125 1234 237 1319 χῆς
296 1232 575 1299 ἕκαστον
633 1230 1204 1321 ἐπικεκλωσμένην
1261 1233 1393 1315 ἔχει
1438 1230 1557 1318 τὴν
1618 1226 1991 1314 ἀπόβασιν,
2050 1235 2161 1297 καὶ
2210 1226 2285 1296 ού

130 1338 326 1416 θέμις
378 1328 594 1411 ἄλλως
636 1338 976 1421 γενέσθαι.

291 1441 352 1502 2.
402 1441 612 1502 ΚΥΝ.
698 1430 950 1501 Ούκοῦν
1007 1433 1268 1503 ὁπόταν
1312 1430 1346 1501 ὁ
1399 1429 1600 1511 αὐτὸς
1628 1427 1920 1521 Ὅμηρος
1964 1432 2031 1498 ἐν
2078 1431 2281 1518 ἑτέρῳ
2318 1440 2355 1493 2

132 1543 312 1621 μέρει
361 1540 480 1624 τῆς
525 1536 866 1625 ποιήσεως
911 1538 1082 1623 λέγῃ,

337 1636 428 1722 μὴ
479 1640 587 1703 καὶ
633 1634 806 1723 ὑπὲρ
852 1651 1096 1724 μοῖραν
1143 1636 1350 1720 δόμον
1382 1633 1621 1714 ’.Ἄϊδος
1666 1636 2079 1724 εἰσαφίκηαι,

132 1742 232 1805 καὶ
276 1737 364 1805 τὰ
412 1742 712 1819 τοιαῦτα,
762 1742 982 1826 ληρεῖν
1031 1738 1280 1827 δηλαδὴ
1328 1762 1632 1859 φησομεν
1676 1737 1830 1803 τότε
1876 1730 2115 1818 αὐτόν,-

291 1845 547 1906 ΖΕΥΣ.
638 1843 777 1907 Καὶ
831 1840 1046 1924 μάλα·
1105 1834 1296 1907 οὐδὲν
1341 1839 1467 1925 γὰρ
1514 1832 1687 1906 ούτω
1731 1832 1977 1925 γένοιτ’
2032 1828 2111 1905 ‹322›
2158 1838 2283 1917 ε’ξω

132 1944 238 2006 τοῦ
285 1941 496 2024 νόμου
542 1944 677 2006 τῶν
721 1945 1041 2024 Μοιρῶν,
1104 1935 1295 2008 οὐδὲν
1340 1936 1513 2025 ὑπὲρ
1558 1939 1633 2007 τὸ
1684 1942 1882 2006 λίνον.
1970 1941 2034 2006 οἱ
2081 1964 2282 2026 ποιη-

132 2046 234 2110 ταὶ
293 2044 370 2109 δὲ
419 2040 647 2109 ὁπόσα
706 2044 826 2126 μὲν
874 2034 954 2109 ἂν
999 2042 1066 2109 ἐκ
1111 2047 1243 2109 τῶν
1288 2046 1590 2109 Μουσῶν
1634 2041 2059 2125 κατεχόμενοι
2107 2038 2284 2130 ᾄδω-

136 2167 261 2225 σιν,
325 2139 555 2231 ἀληθῆ
613 2145 822 2210 ταῦτά
885 2144 1096 2212 ἐστιν·
1157 2140 1420 2211 ὁπόταν
1478 2145 1549 2211 δὲ
1610 2137 1877 2231 ἆφῶσιν
1926 2138 2165 2221 αὐτοὺς
2212 2145 2281 2209 αἱ

135 2250 283 2313 θεαὶ
346 2249 457 2312 καὶ
513 2241 678 2313 καθ’
748 2243 989 2325 αὖτοὺς
1040 2250 1326 2328 ποιῶσι,
1389 2246 1541 2313 τότε
1586 2244 1664 2333 δὴ
1709 2249 1819 2313 καὶ
1868 2245 2282 2331 σφάλλονται

135 2351 234 2413 καὶ
277 2346 650 2416 ὑπεναντία
694 2362 840 2425 τοῖς
881 2348 1212 2435 πρότερον
1259 2348 1583 2426 διεξίασι·
1640 2350 1771 2415 καὶ,
1800 2347 2168 2435 ξυγγνώμη,
2224 2348 2285 2413 εἰ

137 2445 492 2536 ἅνθρωποι
548 2446 736 2527 ὄντες
797 2446 1109 2535 ἀγνοοῦσι
1166 2443 1467 2538 τάληθὲς
1524 2443 1952 2525 ἀπελθόντος
2013 2448 2281 2527 ἐκείνου,

138 2549 204 2627 ὃς
244 2557 414 2629 τέως
460 2550 696 2636 παρών
743 2550 1130 2637 ἐρραψῴδει
1179 2544 1272 2618 δι’
1329 2544 1566 2616 αὐτῶν.

52 2649 120 2700 628
293 2660 508 2719 KYN.
549 2647 758 2717 Ἀλλὰ
789 2656 987 2719 τοῦτο
1017 2653 1138 2736 μὲν
1172 2645 1344 2720 οῧτω
1392 2651 1712 2739 φήσομεν.
1760 2650 1859 2717 ἔτι
1906 2650 1978 2715 δὲ
2021 2649 2280 2716 κάκεῖνό

134 2780 239 2835 μοι
285 2750 688 2842 ἀπόκριναι·
736 2748 812 2820 ού
858 2768 1036 2837 τρεῖς
1082 2755 1153 2820 αἱ
1182 2759 1453 2839 Μοῖραί
1484 2751 1635 2832 εἰσι,
1683 2750 1953 2817 Κλωθώ
1983 2753 2092 2817 καὶ
2124 2750 2281 2817 Λά-

133 2879 302 2935 χεσις
349 2860 460 2922 καὶ
492 2852 870 2941 ’Ἀτροποςς

291 2964 546 3023 ΖΕΥΣ.
637 2956 831 3022 Πάνυ
875 2956 994 3039 μὲν
1041 2942 1177 3022 οὖν.

293 3067 356 3128 3.
403 3066 615 3125 KYN.
654 3054 743 3125 ‘H
772 3058 1154 3144 Εἱμαρμένη
1199 3062 1426 3123 τοίνυν
1467 3057 1580 3122 καὶ
1626 3050 1665 3144 ἦ
1720 3054 1891 3143 Τύχη
1938 3094 2023 3102 --
2067 3057 2352 3121 πολύ-3

135 3162 450 3249 θρύλητοι
506 3159 630 3246 γὰρ
689 3159 870 3225 πάνυ
915 3162 1025 3228 καὶ
1075 3184 1273 3225 αυται
1317 3198 1402 3207 -
1445 3164 1622 3235 τίνες
1668 3150 1831 3223 πότ’
1885 3158 2014 3224 εἶσὶ
2060 3161 2170 3225 καὶ
2212 3163 2282 3224 τί

137 3260 404 3329 δύναται
451 3255 670 3328 αυτῶν
714 3260 1028 3346 ἑκατέρας
1072 3260 1358 3345 πότερον
1405 3257 1488 3324 τὰ
1535 3258 1653 3324 ἰ’σα
1696 3270 1845 3335 ταῖς
1890 3264 2194 3343 Μοίραις
2238 3284 2277 3343 η

134 3389 191 3429 τι
223 3368 331 3431 καὶ
377 3360 550 3450 ὖπὲρ
597 3361 883 3444 ἐκείναςς
929 3356 1148 3428 ἀκούω
1191 3364 1347 3447 γοῦν
1396 3357 1717 3427 ἁπάντων
1764 3360 2107 3446 λεγόντων,
2152 3384 2279 3445 μη-

137 3465 233 3531 δὲν
279 3462 453 3533 εἶναι
505 3465 718 3552 Τύχης
760 3467 872 3531 καὶ
921 3464 1340 3551 Εἱμαρμένης
1388 3460 1856 3547 δυνατώτερον.

289 3573 538 3633 ΖΕΥΣ.
638 3560 732 3633 Οὗ
791 3570 995 3648 θέμις
1063 3558 1331 3631 άπαντά
1388 3586 1464 3629 σε
1521 3562 1799 3642 εἰδέναι,
1862 3547 1915 3626 ὦ
1974 3566 2277 3628 Κυνίσκε.

134 3674 298 3747 τίνος
345 3663 406 3734 δ’
447 3694 564 3735 ουν
610 3666 795 3733 ἕνεκα
839 3660 1192 3755 ἠρώτησάς
1234 3690 1405 3732 ποτε
1448 3663 1523 3731 τὸ
1572 3666 1731 3750 περὶ
1774 3666 1908 3728 τῶν
1954 3664 2280 3744 Μοιρῶν,·

290 3779 350 3837 4.
398 3778 611 3836 ΚΥΝ.
674 3759 806 3835 ”Hv
852 3767 1182 3890 πρότερόν
1225 3792 1372 3849 μοι,
1436 3792 1488 3830 ω
1534 3768 1697 3843 Ζεῦ,
1748 3757 2007 3831 κάκεῖνο
2056 3763 2350 3850 εἴπης,4

137 3870 186 3935 εἰ
236 3876 343 3938 καὶ
403 3868 590 3955 ιμῶι
649 3864 848 3937 αὗται
917 3865 1191 3954 άρχουσι
1246 3871 1353 3935 καὶ
1417 3860 1662 3954 ἀνάγκη
1720 3862 1876 3948 ὑμῖν
1935 3859 2277 3952 ἠρτῆσθαι

136 3963 258 4038 ἀπὸ
304 3976 424 4040 τοῦ
472 3974 655 4038 λίνου
705 3963 941 4036 αύτῶν.

2334 1687 2369 1696 ..-
