2750 4534
335 1703 414 1759 24

338 2721 414 2777 25

439 198 558 256 106
1333 198 1706 253 ΛΟΥΚΙΑΝΟΥ

437 368 508 435 δὲ
536 371 650 436 καὶ
683 366 1325 457 ἀποφραττομένους
1353 362 1478 433 ὕπ’
1532 361 1753 434 αύτῷν
1796 367 1955 445 τοὺς
1997 363 2355 455 ἡμετέρους
2404 365 2594 451 ξυνη-

432 471 700 557 γόρους·
766 464 940 537 ὥστε
981 467 1300 557 ὑμέτερον
1345 460 1427 537 ἀν
1472 470 1573 559 εἴη
1621 470 1865 538 παύειν
1910 472 2023 538 καὶ
2068 468 2317 535 ἰᾶσθαι
2363 470 2592 546 ταῦτα,

434 578 568 641 τῷν
598 577 706 642 καὶ
741 573 810 651 ἐς
835 573 992 640 τόδε
1024 567 1191 639 αὐτὰ
1239 573 1779 659 προαγαγόντων.
1854 571 2099 658 Μώμῳ
2147 572 2219 637 δὲ
2264 564 2343 637 οὗ
2389 574 2595 655 μέγας

436 672 470 743 ὃ
517 674 846 756 κίνδυνος,
902 675 962 742 εἰ
1008 671 1246 759 ἄτιμος
1289 674 1515 742 ἔσται·
1576 669 1730 742 οὐδὲ
1771 673 1899 761 γὰρ
1942 672 2161 740 πάλαι
2204 676 2338 739 τῶν
2382 696 2595 755 τιμω-

435 784 649 861 μένων
694 764 792 863 ἧν,
840 774 1024 861 ὖμῷν
1071 776 1171 843 ἔτι
1213 802 1287 843 τε
1333 770 1773 860 εὐτυχούντων
1817 779 1928 843 καὶ
1974 774 2096 853 τὰς
2139 780 2392 852 θυσίας
2434 798 2595 859 καρ-

437 885 806 963 πουμένων.

611 987 713 1049 23.
759 985 1010 1048 ΖΕΥΣ.
1119 984 1371 1048 Τοῦτον
1428 986 1580 1064 μέν,
1642 966 1695 1047 ὦ
1756 985 1946 1062 θεοί,
2008 982 2231 1068 ληρεῖν
2291 977 2595 1060 ἐάσωμεν

438 1076 544 1149 ἀεὶ
588 1081 830 1168 τραχὺν
887 1078 1049 1149 ὄντα
1092 1085 1204 1150 καὶ
1251 1082 1747 1169 ἐπιτιμητικόν·
1808 1080 1952 1149 ἔστι
1993 1082 2150 1168 γάρ,
2197 1076 2289 1157 ὥς
2333 1075 2370 1147 ὃ
2416 1084 2595 1145 θαυ-

436 1183 692 1268 μαστὸς
735 1189 1184 1273 Δημοσθένης
1241 1184 1406 1274 ἔφη,
1467 1182 1545 1251 τὸ
1591 1184 1712 1269 μὲν
1768 1184 2118 1270 ἐγκαλέσαι
2159 1186 2271 1249 καὶ
2314 1186 2595 1266 μέμψα-

440 1292 610 1353 σθαι
654 1290 763 1353 καὶ
824 1286 1224 1373 ἐπιτιμῆσαι
1271 1288 1506 1376 ῥᾴδιον
1549 1290 1660 1354 καὶ
1704 1290 1824 1354 τοῦ
1865 1288 2269 1371 βουλομένου
2316 1283 2593 1361 παντός,

437 1388 513 1457 τὸ
564 1382 627 1455 δ’
693 1382 883 1469 ὅπως
924 1388 1008 1470 τὰ
1055 1389 1364 1475 παρόντα
1407 1392 1652 1474 βελτίω
1695 1384 2043 1475 γενήσεται
2088 1388 2596 1485 ξυμβουλεῦσαι3

436 1484 620 1557 τοῦτ’
687 1492 1020 1580 ἔμφρονος
1063 1488 1153 1569 ὥς
1198 1486 1472 1581 ἀληθῶς
1517 1492 1904 1577 ξυμβούλου,
1951 1484 2121 1577 ὅπερ
2168 1492 2235 1558 οἱ
2278 1486 2477 1557 ἄλλοι
2526 1486 2708 1555 εύδὸθ

441 1588 572 1660 οἶδ’
626 1587 732 1661 ὅτι
779 1594 1100 1684 ποιήσετε
1141 1596 1253 1661 καὶ
1296 1595 1537 1661 τούτου
1584 1598 2000 1672 σιωπῶντος.

612 1702 714 1763 24.
759 1700 971 1764 ΠΟΣ.
1038 1690 1196 1782 Ἐγώ
1245 1697 1431 1763 δὲτὰ
1476 1698 1597 1780 μὲν
1642 1692 1812 1764 ἀλλα
1855 1694 2259 1782 ὑποβρύχιός
2304 1694 2462 1778 εἰμι,
2506 1690 2599 1771 ὡς

439 1797 614 1877 ἰ’στε,
672 1798 782 1863 καὶ
830 1796 897 1862 ἐν
942 1800 1142 1883 βυθῷ
1197 1798 1643 1882 πολιτεύομαι
1702 1793 1851 1864 κατ’
1904 1796 2221 1881 ἐμαυτόν,
2282 1795 2379 1873 εἷς
2431 1787 2599 1862 ὅσον

441 1898 587 1982 ἐμοὶ
649 1896 928 1966 δυνατὸν
983 1899 1209 1979 σώζων
1254 1898 1411 1978 τοὺς
1453 1903 1783 1978 πλέοντας
1824 1902 1937 1967 καὶ
1981 1904 2463 1985 παραπέμπων
2512 1897 2599 1963 τὰ

440 2002 652 2067 πλοῖα
708 2004 819 2069 καὶ
863 2000 1019 2080 τοὺς
1065 1996 1347 2086 ἀνέμους
1390 2003 1946 2086 καταμαλάττων·
2009 1996 2190 2087 ὅμως
2234 2000 2304 2066 δ’
2352 1986 2468 2067 ούν
2515 2040 2603 2049 -

440 2104 627 2186 μέλει
669 2103 796 2190 γάρ
839 2127 957 2187 μοι
999 2106 1112 2171 καὶ
1154 2108 1288 2171 τῷν
1333 2104 1630 2171 ἐνταῦθα
1678 2142 1753 2152 -
1804 2107 1979 2193 φημὶ
2026 2104 2163 2171 δεῖν
2206 2102 2323 2170 τὸν
2364 2106 2599 2186 Δᾶμιν

441 2208 676 2272 τοῦτον
743 2204 1044 2272 εκποδών
1100 2206 1564 2292 ποιήσασθαι,
1630 2208 1793 2292 πρὶν
1852 2206 1969 2273 ἐπὶ
2022 2204 2144 2295 τὴν
2200 2207 2336 2287 ε’ριν
2392 2197 2597 2293 η’κειν,

441 2303 587 2392 ἤτοι
618 2311 912 2395 κεραυνῷ
957 2305 999 2394 ἤ
1041 2334 1176 2376 τινι
1223 2304 1388 2396 ἄλλῃ
1434 2313 1709 2398 μηχανῇ,
1752 2308 1843 2398 μὴ
1888 2311 2001 2376 καὶ
2044 2307 2337 2435 υπέρσχῃ
2385 2309 2598 2392 λέγων

442 2447 525 2457 --
569 2408 702 2498 φὴς
749 2410 906 2496 γάρ,
966 2406 1018 2476 ὠ
1062 2414 1226 2491 Ζεῦ,
1287 2412 1591 2479 πιθανόν
1633 2438 1784 2478 τινα
1830 2408 2005 2478 εἶναι
2048 2410 2249 2477 αὐτόν
2292 2428 2403 2457 -·
2452 2435 2596 2493 αμα

439 2512 564 2598 γὰρ
595 2514 706 2578 καὶ
752 2512 1051 2596 δείξομεν
1085 2506 1310 2591 αυτοῖς
1345 2510 1437 2590 ὥς
1479 2513 1941 2599 μετερχόμεθα
1982 2512 2138 2589 τούς
2181 2508 2266 2577 τὰ
2309 2514 2595 2577 τοιαῦτα

440 2606 604 2679 καθ>
653 2608 840 2701 ἡμῶν
886 2613 1269 2692 διεξιόντας.

615 2721 718 2781 25.
764 2721 1014 2782 ΖΕΥΣ.
1069 2715 1369 2797 Παιζεις,
1418 2702 1472 2781 ὦ
1518 2717 1874 2798 Πόσειδον,
1920 2707 1963 2805 ἢ
2005 2719 2230 2783 τέλεον
2277 2714 2595 2802 ἐπιλέλη-

446 2841 562 2885 σαι
591 2812 683 2895 ὥς
714 2812 903 2885 οὐδὲν
934 2822 1069 2885 τῷν
1098 2819 1421 2886 τοιούτων
1453 2812 1553 2905 ἐφ’
1606 2815 1763 2907 ἡμῖν
1795 2814 1994 2901 ἓστῖν,
2044 2813 2180 2885 ἀλλ’
2221 2819 2291 2885 αἱ
2322 2824 2593 2901 Μοῖραι
2616 2832 2709 2882 670

442 2919 699 3006 ἑκάστῳ
747 2918 1228 3003 ἐπικλώθουσι,
1274 2919 1392 2988 τὸν
1421 2921 1541 3004 μὲν
1585 2925 1899 3008 κεραυνῷ,
1944 2920 2060 2989 τὸν
2108 2922 2179 2989 δὲ
2225 2920 2427 3008 ξίφει,
2472 2920 2596 2986 τὸν

443 3022 516 3088 δὲ
559 3025 829 3107 πυρετῷ
871 3011 913 3110 ἢ
961 3022 1152 3110 φθόῃ
1199 3018 1618 3106 ἀποθανεῖν,·
1662 3023 1815 3091 ἐπεί
1860 3025 1925 3091 εἲ
1962 3028 2035 3110 γέ
2076 3049 2197 3107 μοι
2240 3016 2354 3089 ἐπ’
2408 3021 2595 3100 ἔξου-

444 3129 596 3199 σίας
659 3121 734 3190 τὸ
803 3127 1080 3212 πρᾶγμα
1144 3110 1255 3213 ἦν,
1325 3124 1523 3191 εἴασα
1590 3121 1701 3206 ἀν,
1772 3126 1932 3208 οἴει,
1999 3124 2153 3204 τοὺς
2210 3124 2597 3210 ἱεροσύλους

440 3224 678 3314 πρώην
737 3219 1065 3293 ἀπελθεῖν
1122 3220 1619 3309 ἀκεραυνώτους
1684 3228 1753 3294 ἐκ
1809 3236 2032 3317 Πίσης
2098 3228 2215 3295 δύο
2270 3253 2400 3311 μου
2458 3231 2597 3293 τῷν

441 3327 802 3412 πλοκάμων
835 3322 1321 3413 ἀποκείραντας
1367 3329 1441 3408 ἓξ
1479 3333 1650 3414 μνᾶς
1694 3330 2001 3416 ἑκάτερον
2034 3330 2379 3413 ἕλκονταςς
2421 3318 2462 3418 ἢ
2511 3329 2592 3395 σι’·

443 3423 645 3509 αὐτὸς
688 3431 1020 3514 περιεῖδες
1065 3421 1146 3498 ἀν
1191 3431 1260 3499 ἐν
1304 3436 1651 3519 Γεραιστῷ
1693 3432 1810 3500 τόν
1858 3429 2051 3500 ἁλιέα
2094 3431 2211 3500 τὸν
2258 3432 2330 3511 ἒξ
2361 3426 2594 3517 Ὠρεοῦ

440 3529 933 3621 ὑφαιρούμενόν
992 3556 1113 3601 σου
1169 3534 1288 3625 τὴν
1343 3542 1685 3620 τρίαιναν,·
1744 3530 1962 3615 ἄλλως
2013 3561 2088 3602 τε
2140 3538 2251 3602 καὶ
2310 3535 2594 3619 δόξομεν

443 3629 830 3721 ἀγανακτεῖν
889 3637 1329 3725 λελυπημένοι
1384 3642 1483 3724 τῷ
1540 3638 1882 3724 πράγματι
1934 3641 2045 3704 καὶ
2102 3637 2391 3705 δεδιέναι
2438 3638 2596 3717 τοὺς

440 3735 628 3823 παρὰ
673 3740 793 3804 τοῦ
820 3733 1126 3822 Δάμιδος
1171 3740 1405 3827 λόγους
1448 3743 1557 3808 καὶ
1605 3739 1717 3807 διὰ
1760 3744 1956 3808 τοῦτο
2004 3734 2597 3821 ἀποσκευάζεσθαι

439 3838 555 3905 τὸν
622 3835 830 3926 ἄνδρα
898 3836 972 3909 οὗ
1040 3851 1544 3929 περιμείναντες
1611 3837 2179 3932 ἀντεξετασθῆναι
2236 3838 2439 3911 αὐτὸν
2495 3851 2597 3933 τῷ

447 3945 780 4026 Τιμοκλεῖ.
848 3937 1020 4013 ὥστε
1047 3952 1117 4013 τί
1148 3942 1307 4014 ἄλλο
1338 3937 1381 4034 ἢ
1412 3946 1484 4025 ἐξ
1511 3945 1754 4036 ἐρήμης
1786 3940 1959 4014 οὕτω
1988 3960 2251 4034 κρατεῖν
2281 3947 2600 4033 δόξομεν,·
