2750 4534
455 253 536 311 58
1353 250 1765 316 [ΔΟΥΚΙΑΝΟΥ]

452 425 612 490 κλου
670 423 905 509 φιλίαν
962 424 1072 490 καὶ
1131 419 1253 507 τὴν
1303 424 1578 508 Θησέως
1621 422 1734 487 καὶ
1778 422 2121 506 Πειρίθου
2164 421 2278 486 καὶ
2320 422 2456 484 τῶν
2502 415 2609 486 ἅλ-

454 528 586 590 λων
632 523 966 610 ἑταιρείαν
1015 520 1083 588 ἐν
1128 522 1565 598 καλλίστοις’
1544 519 1742 588 ε’πεσι
1770 524 1879 588 καὶ
1912 524 2182 606 μέτροις
2209 521 2686 607 ῥαψῳδοῦν-ὁιτ

451 650 574 704 τας
621 663 700 674 --
747 619 1014 710 ὀλίγους
1059 624 1134 690 δέ
1175 648 1367 700 τινας
1410 622 2003 710 προχειρισάμενοι
2047 625 2181 688 τῶν
2220 615 2390 688 καθ’
2442 618 2611 706 ἡμᾶς

453 721 694 805 αύτούς
749 729 863 794 καὶ
916 725 1001 790 τὰ
1069 723 1226 811 ε’ργα
1296 718 1515 790 αὐτῶν
1582 723 2097 812 διηγησώμεθα,
2166 721 2293 809 ἐγώ
2350 723 2475 807 μὲν
2532 722 2611 788 τὰ

449 829 780 909 Σκυθικά,
841 826 924 894 σὺ
985 827 1057 894 δὲ
1100 825 1186 894 τὰ
1225 822 1618 914 (Ελληνικά,
1676 828 1789 892 καὶ
1842 821 2173 910 ὁπότερος
2216 851 2302 891 αν
2348 823 2416 890 ἐν
2462 825 2611 892 τού·

450 956 596 1007 τοις
640 932 848 1016 κρατῇ
893 931 1006 995 καὶ
1053 922 1366 1012 ἀμείνους
1411 927 1843 1016 παράσχηται
1886 925 2042 1005 τοὺς
2087 929 2360 1014 φίλους,
2417 920 2611 1004 αύτός

446 1059 521 1100 τε
579 1030 924 1118 νενικηκώς
985 1030 1177 1098 ἔσται
1231 1033 1343 1097 καὶ
1400 1029 1523 1116 τὴν
1570 1026 1775 1096 αὑτοῦ
1823 1024 2214 1117 ἀνακηρύξει
2257 1029 2609 1096 κάλλιστον

451 1129 677 1220 ἀγῶνα
743 1134 854 1200 καὶ
923 1125 1330 1216 σεμνότατον
1406 1126 1935 1216 ἀγωνισάμενος·
2012 1126 2104 1208 ὥς
2166 1130 2369 1216 ε’γωγε
2440 1130 2605 1198 πολυ

447 1234 640 1321 ἥδιον
709 1262 789 1301 αν
854 1260 972 1318 μοι
1037 1234 1211 1301 δοκῶ
1276 1236 1672 1318 μονομαχῶν
1736 1229 2059 1321 ἡττηθεὶς
2127 1226 2608 1358 ἀποτμηθῆναι

447 1337 566 1425 τὴν
625 1337 880 1417 δεξιάν,
941 1330 1112 1421 όπερ
1171 1339 1289 1422 τῆς
1332 1339 1669 1424 Σκυθικῆς
1729 1333 2074 1418 ἐπιτίμιόν
2118 1333 2333 1414 ἐστιν,
2396 1325 2437 1421 ἢ
2481 1342 2606 1416 χεί-

449 1465 582 1522 ρων
641 1433 844 1504 ἄλλου
903 1436 1070 1504 κατὰ
1131 1439 1366 1524 φιλίαν
1426 1441 1813 1522 κεκρίσθαι,
1874 1439 1985 1503 καὶ
2045 1439 2255 1502 ταῦτα
2298 1427 2608 1521 Ἕλληνος

448 1541 713 1627 Σκύθης
760 1534 964 1618 αὐτὸς
1005 1535 1121 1606 ὤν.

343 1659 410 1710 11
625 1650 722 1708 11.
771 1646 1069 1709 ΜΝΗΣ.
1103 1637 1287 1708 Ἔστι
1331 1645 1483 1723 μέν,
1531 1626 1584 1704 ῶ
1636 1595 1903 1724 Τόξαρι,
1951 1664 2027 1707 ου
2074 1641 2331 1728 φαῦλον
2378 1640 2456 1706 τὸ
2506 1641 2605 1760 ε’ρ-

449 1770 564 1831 γον
625 1739 817 1828 ἇνδρὶ
879 1745 1003 1829 οίῳ
1063 1745 1169 1810 σοὶ
1217 1745 1595 1830 πολεμιστῇ
1638 1745 2106 1829 μονομαχῆσαι
2147 1743 2327 1808 πάνυ
2376 1739 2604 1808 εὐστό-

442 1870 601 1928 χους
661 1847 769 1912 καὶ
823 1849 1273 1932 τεθηγμένους
1331 1849 1934 1931 παρεσκευασμένῳ
1985 1869 2142 1923 τους
2184 1844 2441 1932 λόγους.
2535 1838 2603 1911 ού

448 1946 579 2033 μὴν
638 1941 926 2032 ἀγεννῶς
980 1970 1054 2031 γε
1115 1939 1326 2024 οὕτως
1367 1945 1839 2032 καταπροδοὺς
1882 1945 1952 2012 ἐν
1993 1952 2230 2031 βραχεῖ
2268 1945 2344 2014 τὸ
2386 1942 2604 2034 Ἑλλη-

446 2047 627 2116 νικὸν
691 2042 876 2114 ἅπαν
933 2044 1461 2135 ὑποχωρήσομαί
1520 2067 1662 2117 σοι·
1720 2051 1830 2114 καὶ
1877 2047 2002 2133 γὰρ
2048 2038 2131 2114 ὃν
2174 2047 2277 2135 ε’ίη
2324 2047 2605 2115 πάνδει-

447 2175 591 2230 νον,
659 2147 792 2216 ὑπὸ
857 2150 1042 2216 δυοῖν
1098 2151 1220 2233 μὲν
1278 2148 1554 2218 ἐκείνοιν
1610 2147 1987 2239 ἡττηθῆναι
2048 2149 2411 2228 τοσούτους
2479 2154 2607 2215 τῶν

444 2255 753 2332 Σκυθῶν,
812 2247 1114 2330 ὁπόσους
1172 2251 1242 2318 οἵ
1294 2276 1367 2317 τε
1409 2255 1626 2336 μῦθοι
1685 2253 1960 2338 δηλοῦσι
2017 2255 2129 2319 καὶ
2174 2252 2245 2318 αἱ
2290 2248 2608 2336 ὑμέτεραι

445 2356 737 2420 παλαιαὶ
780 2359 1069 2438 γραφαί,
1129 2352 1209 2429 ἃς
1259 2357 1477 2440 μικρῷ
1537 2352 1849 2437 πρόσθεν
1901 2339 1971 2418 εύ
2014 2353 2197 2437 μάλα
2242 2352 2606 2439 ἐξετραγῴ-

445 2455 683 2543 δησας,
727 2447 1047 2543 Ἕλληνας
1093 2453 1164 2520 δὲ
1209 2454 1501 2535 πάντας,
1559 2457 1855 2521 τοσαῦτα
1906 2454 2073 2542 ἔθνη
2118 2456 2231 2520 καὶ
2272 2455 2607 2532 τοσαύτας

443 2555 680 2636 πόλεις
741 2551 986 2644 ἐρήμην
1043 2552 1178 2622 ύπὸ
1239 2559 1361 2624 σοῦ
1420 2553 1695 2624 ἁλῶναι.
1784 2556 1846 2622 εἰ
1899 2555 2026 2642 γὰρ
2082 2559 2278 2623 τοῦτο
2322 2562 2603 2642 γένοιτο,

444 2656 520 2725 ού
566 2658 682 2746 τὴν
730 2657 952 2736 δεξιὰν
999 2650 1228 2742 ὥσπερ
1273 2654 1495 2742 ὑμεῖς,
1555 2653 1727 2724 ἀλλὰ
1784 2658 1905 2746 τὴν
1947 2659 2247 2742 γλῶτταν
2294 2684 2603 2746 αποτμη-
2730 2669 2733 2794 ἱ

441 2764 654 2846 θῆναι
696 2760 919 2826 καλόν.
995 2754 1284 2846 πότερον
1332 2760 1405 2826 δὲ
1438 2756 1740 2845 ὡρίσθαι
1779 2784 1901 2882 χρη
1948 2759 2067 2826 τὸν
2100 2753 2401 2844 ἀριθμὸν
2443 2757 2603 2848 ἡμῖν

441 2865 571 2928 τῶν
631 2863 914 2948 φιλικῶν
957 2861 1210 2927 τούτων
1271 2861 1615 2982 πράξεων,
1678 2852 1719 2950 ἢ
1766 2857 2005 2948 ὁπόσῳ
2052 2858 2131 2928 ἅν
2176 2886 2280 2940 τις
2324 2864 2602 2939 πλείους

443 2963 551 3048 ἔχη
612 2965 854 3047 λέγειν,
923 2962 1222 3048 τοσούτῳ
1291 2958 1751 3049 εὐπορώτερος
1818 2990 1899 3030 αν
1960 2961 2176 3041 δόξειε
2242 2962 2418 3045 πρὸς
2486 2963 2599 3052 τὴν
2730 2985 2732 3058 1

443 3071 658 3150 νίκην,·
2730 3085 2732 3096 ·

619 3167 820 3238 ΤΟΞ.
889 3159 1236 3249 Οὐδαμῶς,
1282 3159 1436 3231 ἀλλ’
1490 3161 1773 3251 ῶρίσθω
1801 3165 1891 3254 μὴ
1938 3190 2009 3233 εν
2042 3169 2141 3253 τῷ
2172 3165 2435 3253 πλήθει
2482 3161 2681 3233 ars-⁵18

440 3270 574 3332 τῶν
618 3265 694 3332 τὸ
727 3266 987 3351 κράτος,
1037 3259 1186 3333 αλλ’
1239 3266 1300 3334 εἰ
1330 3262 1646 3350 ἀμείνους
1679 3271 1791 3334 καὶ
1835 3267 2213 3353 τομώτεραι
2243 3275 2596 3354 φαίνοιντο

443 3369 513 3435 αἱ
560 3371 674 3435 σαὶ
729 3371 863 3435 τῶν
928 3367 1103 3451 ἐμῶν
1159 3367 1310 3436 ι’σαι
1373 3368 1493 3436 τὸν
1552 3363 1851 3455 ἀριθμὸν
1910 3355 2137 3450 ούσαι,
2195 3370 2597 3455 καιριώτερα

443 3471 641 3556 δῆλον
699 3464 806 3537 ότι
865 3469 1261 3556 ἐργάσονταί
1303 3495 1422 3555 μοι
1475 3469 1824 3556 τραύματα
1866 3474 1979 3538 καὶ
2021 3475 2281 3538 θᾶττον
2327 3470 2595 3538 ἐνδώσω

440 3575 612 3659 πρὸς
653 3571 777 3650 τὰς
824 3573 1102 3671 πληγάς.

609 3680 907 3740 ,ΜΝΗΣ
986 3660 1078 3740 Εύ
1124 3674 1363 3760 λέγεις,
1423 3675 1533 3741 καὶ
1592 3669 2001 3757 ὡρίσθωσαν
2046 3669 2303 3742 ὁπόσαι
2349 3674 2592 3741 ἱκαναί.

440 3780 640 3841 πέντε
685 3775 908 3861 ἐμοιγε
954 3776 1260 3842 δοκοῦσιν
1305 3775 1647 3861 ἑκατέρως.

617 3879 818 3948 ΤΟΞ.
893 3870 1120 3961 Κᾶμοὶ
1167 3885 1374 3957 δοκεῖ,
1429 3876 1757 3960 πρότερος
1801 3877 1873 3942 δὲ
1918 3879 2083 3964 λέγε,
2130 3870 2283 3943 ἀλλ’
2338 3876 2592 3964 ἐπομο-

440 3977 725 4060 σάμενος
783 3964 822 4064 ἦ
882 3977 1012 4064 μὴν
1081 3973 1307 4066 ἀληθῆ
1374 3977 1578 4062 ἐρεῖν·
1647 3971 1866 4055 ἄλλως
1928 3977 2055 4064 γὰρ
2122 3979 2446 4046 πλάττειν
2505 3976 2588 4045 τὰ
