2750 4534
877 252 1163 306 ΟΝΕΙΡΟΣ
1197 254 1240 305 Β
1274 253 1677 307 ΔΛΕΚΤΡΥΩΝ.
2225 246 2346 307 135

192 417 398 502 ρύξας
463 418 582 487 τὸν
637 436 887 505 τοῖχον,
957 418 1110 489 οὔτε
1169 422 1532 508 πράγματα
1599 422 1767 505 ἔχεις
1833 420 2251 507 λογιζόμενος
2305 410 2346 507 ἢ

192 513 508 587 ἀπαιτῶν
567 512 608 607 ἢ
651 538 795 602 τοῖς
837 525 1238 609 καταράτοις
1296 524 1675 608 οἰκονόμοις
1735 522 2192 590 διαπυκτεύων
2236 525 2347 589 καὶ

191 621 368 707 πρὸς
415 624 746 703 τοσαύτας
799 626 1164 747 φροντίδας
1209 626 1777 712 διαμεριζόμενος,
1840 618 2009 691 άλλὰ
2055 624 2347 712 κρηπῖδα

192 726 592 804 συντελέσας
649 726 823 794 ἑπτὰ
881 721 1160 812 ὀβολοὺς
1215 728 1381 811 ἔχων
1437 729 1553 795 τὸν
1610 721 1893 812 μισθόν,
1954 720 2348 803 ἀπαναστὰς

94 840 176 890 ’136
194 829 354 909 περὶ
406 827 626 916 δείλην
685 822 898 915 ὀψίαν
943 829 1378 913 λουσάμενος,
1444 856 1523 915 ην
1569 830 1754 919 δοκῇ,
1814 828 2153 917 σαπέρδην
2196 826 2345 894 τινὰ

193 917 233 1012 ἢ
277 920 686 1011 μαινίδας’“
640 957 679 1017 η
730 931 1083 1052 κρομμύων
1126 931 1495 1020 κεφαλίδας
1552 926 1782 1018 ὀλίγας
1827 929 2196 1014 πριάμενος
2240 922 2346 995 εὖ·

195 1036 506 1117 φραίνεις
553 1056 832 1099 σεαυτον
878 1028 1059 1121 ᾄδων
1109 1031 1193 1099 τὰ
1239 1032 1460 1099 πολλὰ
1505 1037 1616 1101 καὶ
1661 1036 1743 1120 τῇ
1786 1034 2097 1119 βελτίστῃ
2144 1038 2346 1119 πενίᾳ

194 1135 798 1223 προσφιλοσοφῶν.
876 1142 976 1205 23.
1025 1128 1198 1203 ῶστε
1229 1135 1342 1203 διὰ
1371 1140 1584 1202 ταῦτα
1629 1131 1949 1220 ὖγιαίνεις
1993 1158 2067 1201 τε
2095 1137 2204 1200 καὶ
2238 1132 2343 1254 ἕρ-
2371 1142 2449 1198 23

195 1258 413 1317 ρωσαι
454 1235 530 1303 τὸ
579 1240 774 1321 σῶμα
816 1240 930 1304 καὶ
976 1238 1426 1323 διακαρτερεῖς
1477 1236 1652 1321 πρὸς
1693 1236 1768 1303 τὸ
1816 1235 2169 1320 κρύος·οἱ
2214 1235 2344 1302 πό-

195 1362 300 1403 νοι
350 1336 475 1425 γάρ
535 1361 612 1405 σε
668 1334 1180 1428 παραθήγοντες
1241 1334 1356 1407 οὐκ
1414 1330 1991 1427 ἕύκαταφρόνητον
2048 1333 2343 1423 ἀνταγω-

200 1439 422 1523 νιστὴν
471 1433 934 1529 αποφαίνουσι
981 1441 1154 1527 πρὸς
1183 1440 1268 1508 τὰ
1299 1442 1619 1508 δοκοῦντα
1662 1455 1806 1519 τοῖς
1844 1437 2073 1519 αλλοις
2119 1436 2343 1522 ἄμαχα

197 1539 384 1609 εἶναι.
458 1533 690 1625 αμέλει
735 1536 926 1610 οὐδέν
974 1568 1083 1611 σοι
1124 1548 1256 1610 τῶν
1297 1546 1609 1627 χαλεπῶν
1653 1542 1907 1609 τούτων
1952 1541 2342 1628 νοσημάτων

200 1645 581 1727 πρόσεισιν,
652 1638 800 1711 ἀλλ’
871 1641 951 1732 ἤν
1011 1671 1181 1713 ποτε
1245 1650 1497 1735 κοῦφος
1562 1644 1849 1730 πυρετὸς
1918 1644 2339 1732 ἐπιλάβηται,

199 1745 368 1833 πρὸς
417 1742 644 1834 ὀλίγον
700 1744 1126 1836 ὑπηρετήσας
1183 1742 1363 1835 αύτῷ
1424 1742 1848 1835 ἀνεπήδησας
1904 1740 2109 1823 εὐθὺς
2164 1740 2341 1811 άπο-

199 1850 588 1931 σεισάμενος
623 1843 858 1940 άσιτίᾳ
901 1848 1019 1939 τὴν
1052 1846 1238 1938 ὅσην,
1285 1848 1320 1917 ὁ
1356 1851 1430 1917 δὲ
1462 1849 1693 1938 φεύγει
1738 1844 1974 1917 αὗτίκα
2006 1851 2343 1937 φοβηθεὶς

197 1954 453 2035 ψυχροῦ
483 1975 558 2019 σε
587 1948 762 2034 όρῶν
793 1951 1291 2042 ἐμφορούμενον
1335 1955 1445 2018 καὶ
1476 1951 1695 2040 μακρὰ
1729 1950 2035 2035 οἰμώζειν
2068 1953 2341 2036 λέγοντα

193 2066 346 2130 ταῖς
390 2051 715 2141 ἰατρικαῖς
771 2054 1149 2140 περιόδοις·
1208 2055 1274 2121 οἱ
1320 2054 1393 2121 δὲ
1437 2049 1561 2121 ὑπ’
1615 2050 1937 2139 άκρασίας
1994 2048 2231 2120 ἄθλιοι
2274 2059 2343 2118 τί

191 2157 328 2220 τῶν
385 2160 592 2224 κακῶν
651 2151 766 2224 ούκ
823 2157 1076 2241 ἔχουσι,
1139 2157 1487 2244 ποδάγρας
1540 2160 1648 2223 καὶ
1710 2156 1942 2245 φθόας
1998 2159 2108 2223 καὶ
2154 2179 2339 2240 περι-

194 2264 600 2340 πνευμονίας
643 2262 752 2326 καὶ
799 2256 1108 2347 ὖδέρους,·
1151 2263 1361 2327 ταῦτα
1404 2257 1532 2345 γὰρ
1568 2262 1701 2325 τῶν
1748 2260 2132 2325 πολυτελῶν
2178 2256 2341 2324 ἐκεί-

190 2384 323 2426 νων
384 2359 670 2430 δείπνων
729 2356 1051 2447 ἇπόγονα.
1139 2366 1491 2448 τοιγαροῦν
1551 2362 1615 2427 οἱ
1659 2362 1780 2446 μὲν
1833 2354 2050 2427 αύτῶν
2110 2352 2339 2443 ὥσπερ

87 2455 228 2526 73Ίὸ
258 2455 518 2544 Ἴκαρος
562 2461 670 2529 ἐπὶ
721 2462 894 2531 πολὺ
942 2459 1219 2548 ἄραντες
1265 2457 1506 2541 αὖτοὺς
1547 2465 1659 2529 καὶ
1706 2461 2199 2550 πλησιάσαντες
2243 2466 2339 2545 τῷ

187 2561 359 2649 ἡλίῳ
420 2558 536 2630 οῦκ
580 2564 828 2644 εἰδότες
884 2558 992 2633 ὅτι
1033 2570 1213 2653 κηρῷ
1268 2558 1565 2652 ἥρμοστο
1612 2559 1840 2643 αὐτοῖς
1897 2560 1935 2651 ἡ
1985 2567 2337 2647 πτέρωσις,

187 2670 394 2751 μέγαν
443 2663 654 2733 ἐνίοτε
706 2666 826 2735 τὸν
871 2668 1172 2755 πάταγον
1218 2668 1546 2756 ἐποίησαν
1602 2666 1719 2735 ἐπὶ
1761 2663 2055 2755 κεφαλὴν
2102 2664 2168 2742 ἐς
2212 2670 2338 2731 πέ-

189 2771 391 2853 λαγος
435 2768 866 2853 ἐμπεσόντες·
925 2763 1077 2837 ὅσοι
1124 2770 1196 2837 δὲ
1240 2769 1409 2835 κατὰ
1468 2770 1585 2837 τὸν
1628 2769 1973 2837 Δαίδαλον
2024 2766 2112 2851 μθ*
2159 2766 2337 2835 πάνυ

186 2874 495 2955 μετέωρα
536 2872 704 2959 μηδὲ
747 2868 974 2960 ὖψηλά
1023 2871 1420 2961 ἐφρόνησαν,
1474 2865 1643 2938 ἀλλὰ
1690 2871 2046 2956 πρόσγεια,
2093 2868 2183 2947 ὡς
2228 2895 2337 2935 νο-

189 2972 504 3053 τίζεσθαι
561 2972 773 3041 ἐνίοτε
827 2978 910 3062 τῇ
969 2967 1141 3061 ἅλμῃ
1200 2973 1317 3040 τὸν
1359 2973 1591 3061 κηρόν,
1652 2970 1743 3051 ῶς
1798 2972 1874 3040 τὸ
1924 2971 2097 3039 πολὺ
2152 2966 2336 3038 οὗτοι

189 3066 514 3162 ἀσφαλῶς
559 3074 942 3162 διέπτησαν.

359 3182 566 3243 ΜΙΚ.
649 3170 992 3255 Ἐπιεικεῖς
1037 3202 1223 3255 τινας
1265 3180 1377 3243 καὶ
1425 3175 1735 3254 συνετοὺς
1780 3179 2007 3262 λέγεις.

357 3282 654 3345 ΑΛΕΚ.
751 3283 898 3347 Τῶν
925 3284 1155 3364 μέντοι
1185 3304 1257 3365 γε
1302 3274 1543 3360 ἄλλων,
1590 3264 1643 3344 ῶ
1674 3277 1957 3359 Μικύλε,
2004 3275 2087 3344 τὰ
2134 3276 2337 3343 ναυά-

185 3408 300 3468 για
345 3381 527 3448 πάνυ
575 3380 812 3465 αἰσχρὰ
860 3383 1034 3460 ἰ’δοις
1078 3379 1190 3464 ἄν,
1250 3374 1412 3448 ὅταν
1458 3379 1493 3448 ὃ
1543 3388 1832 3466 Κροῖσος
1876 3381 2336 3464 περιτετιλμέ-

187 3509 300 3563 νος
343 3482 429 3549 τὰ
476 3481 692 3568 πτερὰ
733 3484 988 3568 γέλωτα
1032 3488 1285 3570 παρέχῃ
1325 3488 1626 3566 Πέρσαις
1672 3475 2051 3564 άναβαίνων
2097 3478 2213 3545 ἐπὶ
2257 3477 2333 3545 τὸ

183 3590 324 3672 πῦρ
369 3576 411 3669 ἢ
454 3584 816 3663 Διονύσιος
859 3586 1267 3663 καταλυθεὶς
1309 3588 1429 3672 τῆς
1472 3584 1863 3666 τυραννίδος
1907 3581 1975 3649 ἐν
2012 3586 2337 3667 Κορίνθῳ

181 3685 689 3775 γραμματιστὴς
744 3689 1077 3777 βλέπηται
1143 3685 1312 3771 μετὰ
1371 3685 1767 3774 τηλικαύτην
1829 3678 2031 3771 ἀρχὴν
2090 3682 2338 3749 παιδία

183 3788 604 3873 συλλαβίζειν
651 3790 998 3857 διδάσκων.

360 3897 461 3957 24.
509 3897 711 3959 ΜΙΚ.
800 3891 974 3958 Εἰπέ
1016 3917 1152 3976 μοι,
1201 3876 1254 3956 ῶ
1287 3886 1675 3973 ἀλεκτρυών,
1724 3886 1801 3954 σύ
1835 3887 1907 3953 δὲ
1951 3883 2163 3954 ὁπότε
2206 3892 2332 3970 βα·
2363 3891 2441 3949 24

183 3992 411 4071 σιλεὺς
467 3978 655 4083 ἦσθα
698 4028 781 4041 -
829 3993 959 4081 φὴς
1002 3992 1126 4079 γὰρ
1185 3995 1292 4059 καὶ
1339 3993 1739 4077 βασιλεῦσαί
1792 4015 1959 4057 ποτε
2004 4028 2089 4036 -
2133 3994 2336 4055 ποίου
