2750 4534
1072 248 1373 303 TOEARIS.
2182 246 2264 305 22
2276 248 2306 305 1

355 446 485 500 μου
532 417 601 482 Ω
644 456 727 466 -
775 419 953 501 ἄγοις
994 419 1013 504 ss
1058 419 1229 501 ἄγεις
1274 417 1343 481 Ω
1389 456 1469 466 -
1516 424 1866 499 κατέλαβεν
1899 418 1922 503 ΙΙ
1956 417 2311 498 καταλάβοι

360 521 429 585 Ω
474 560 557 570 -
604 521 1017 606 ἀναπηδήσας
1058 522 1077 606 ss
1121 523 1520 601 α’ναποὸίσας
1550 520 1619 584 Ω
1662 561 1744 571 -
1790 522 1946 589 ἄλλ’
1981 522 2306 605 ἅποτρ....

359 626 480 710 ὄρη
548 626 567 710 ss
632 648 749 689 om.
818 623 887 687 Ω
951 662 1033 672 -
1107 625 1265 691 ἀλλ’
1331 625 1558 708 α’ποτρ.
1629 624 1649 709 ΙΙ
1711 624 1877 691 α’λλὰ
1943 623 2314 708 προτραπό-

356 754 553 807 μενος
599 733 649 791 Β
698 766 779 776 -

140 852 195 895 ο.
224 838 328 894 53.
360 840 457 917 τῷ
506 831 658 913 Ἀρσ.
706 830 726 915 ss
772 830 950 917 αὐτῷ
982 830 1135 913 Ἀρσ.
1172 826 1241 891 Ω
1286 867 1365 877 -
1413 833 1554 907 ἐμοὶ
1587 831 1609 913 ΙΙ
1643 833 1802 907 ἐμοῦ
1845 827 1914 892 Ω
1945 866 2028 877 -
2058 827 2313 907 τούτοις

358 932 377 1015 ss
421 953 538 995 om.
598 930 667 994 Ω
718 967 803 978 -
860 931 1075 1015 (ὅσπερ
1122 932 1203 998 ἂν
1249 938 1307 997 εἰ
1346 931 1367 1013 ΙΙ
1409 953 1525 995 om.
1570 958 1623 997 ει
1665 930 1842 994 ΑΩΒ
1889 968 1969 979 -
2016 948 2328 1009 ποιοῖμεν-

357 1032 377 1117 ss
420 1044 734 1113 ποιοῦμεν
780 1032 849 1095 Ω
894 1069 976 1080 —-
1020 1034 1185 1116 ὑπὲρ
1232 1032 1397 1100 ὅλου
1501 1033 1663 1116 ὑπὲρ
1708 1044 1827 1100 τοῦ
1872 1032 2034 1100 ὅλου
2063 1030 2186 1095 ΑΩ
2234 1068 2313 1079 -

362 1146 484 1204 τοῦ
529 1156 753 1214 σωμ...
802 1147 924 1202 τοῦ
969 1134 1132 1202 ὅλου
1166 1135 1190 1221 ss
1222 1157 1334 1199 om.
1368 1133 1493 1198 ΑΩ
1539 1173 1621 1183 -
1666 1135 1828 1219 ὑπὲρ
1864 1139 2101 1202 ἑαυτοῦ
2144 1134 2164 1219 ss
2204 1136 2310 1201 ῦπ.

367 1239 577 1305 αὐτοῦ
621 1243 671 1301 Β
717 1277 797 1287 -
846 1238 1060 1317 οὕτως
1103 1238 1123 1325 fl
1167 1235 1363 1317 οὗτος
1407 1236 1476 1300 Ω

144 1364 200 1406 c.
232 1352 336 1406 54.
371 1350 458 1421 εἰς
499 1369 561 1420 μ.
609 1340 629 1427 fl
674 1346 735 1421 ές
777 1368 837 1419 μ.
888 1346 943 1403 Α
1000 1379 1085 1387 --
1137 1345 1201 1420 ές
1246 1368 1297 1409 τ.
1349 1348 1458 1408 Σκ.
1497 1341 1520 1426 ss
1553 1348 1640 1420 εἰς
1683 1338 1803 1403 ΩΒ
1865 1378 1939 1387 --
2005 1346 2317 1423 πανδημεὶ

367 1450 485 1523 μὲν
541 1444 561 1528 ss
618 1466 733 1507 om.
788 1450 905 1522 μὲν
948 1442 1074 1507 ΑΩ
1134 1481 1213 1491 -
1273 1443 1310 1509 ὃ
1361 1443 1469 1510 Ἇὸ.
1509 1443 1531 1525 ΙΙ
1565 1464 1679 1506 om.
1739 1442 1776 1508 ὃ
1835 1440 1904 1505 Ω
1967 1478 2040 1489 -
2091 1442 2315 1519 ὑπεμέ-

364 1572 561 1625 νομεν
606 1544 625 1630 ΙΙ
668 1545 1090 1624 ὕπεμείνομεν
1148 1542 1272 1607 ΑΩ
1340 1582 1422 1591 -
1481 1543 1874 1628 προσιόντας
1909 1544 1932 1628 ss
1964 1542 2319 1627 προιόντας

366 1645 435 1709 Ω
478 1684 560 1695 --
607 1653 1086 1731 προεπαφέντες
1119 1649 1141 1729 ΙΙ
1175 1652 1689 1730 προεπαχθέντες
1719 1645 1788 1709 Ω
1824 1682 1898 1692 -
1949 1646 2070 1713 ἄλλ
2090 1647 2104 1669 ’
2134 1646 2314 1729 ἄναχ.

364 1750 383 1836 ΙΙ
424 1749 590 1817 ἀλλὰ
634 1748 757 1813 ΑΩ
804 1789 887 1799 -
932 1756 1171 1816 οἰστῶν
1205 1751 1227 1833 ΙΙ
1262 1751 1502 1816 ὀϊστῶν
1546 1753 1596 1811 Β
1645 1757 1837 1815 ἰστιῦν
1883 1752 1961 1829 (P)
2007 1748 2076 1811 Ω
2121 1786 2205 1795 -

141 1875 199 1917 e.
234 1861 338 1917 55.
371 1861 479 1919 καὶ
525 1854 562 1919 ὃ
607 1862 677 1920 Δ.
714 1854 737 1935 ΙΙ
770 1875 887 1916 om.
932 1861 1039 1918 καὶ
1070 1849 1192 1914 ΑΩ
1240 1890 1319 1900 -
1368 1861 1777 1940 στυρακίῳ
1826 1859 1935 1931 εἰς
1965 1851 2082 1918 τὸν
2111 1851 2319 1935 μηρὸν

364 1952 387 2040 Ι
428 1963 1001 2039 πυρακτωθεὶς
1044 1954 1163 2021 τὸν
1206 1954 1418 2038 μηρὸν
1462 1952 1638 2017 ΑΩΒ
1698 1992 1780 2001 -
1826 1955 2034 2022 ἄπεισι
2068 1955 2089 2036 ΙΙ
2124 1954 2319 2020 ἅπασι

366 2054 434 2119 Ω
482 2095 559 2103 -
607 2056 1002 2141 προσβαλὼν
1035 2056 1057 2139 ss
1091 2055 1446 2141 προβαλὼν
1491 2054 1559 2119 Ω
1606 2096 1685 2105 --
1729 2056 1887 2136 μετὰ
1917 2056 2090 2126 πολὺ
2121 2056 2144 2142 ΙΙ
2174 2084 2288 2136 μετ
2313 2058 2327 2077 ’

367 2160 449 2227 οὐ
495 2160 662 2227 πολὺ
709 2166 773 2225 δὲ
809 2157 935 2221 ΑΩ
979 2197 1062 2208 —-
1108 2158 1313 2225 ὥστε
1358 2164 1751 2243 ἐκρατοῦμεν
1785 2159 1806 2244 ΙΙ
1843 2160 1944 2239 ὡς
1977 2164 2102 2243 ἐκρ.
2141 2158 2209 2221 Ω
2239 2197 2322 2206 -

145 2286 203 2329 c.
234 2272 338 2327 56.
371 2265 497 2328 εἶεν
541 2262 563 2346 ΙΙ
609 2284 726 2325 om.
773 2260 842 2323 Ω
896 2300 978 2309 —-
1036 2262 1333 2345 α’πιστοίη
1380 2263 1400 2346 ss
1449 2266 1733 2345 ἐπισταίη
1779 2259 1902 2325 ΑΩ
1963 2300 2040 2309 -
2101 2265 2262 2328 εἶναι
2307 2262 2326 2344 ss

370 2387 486 2428 om.
548 2364 617 2427 Ω
672 2401 754 2410 -
812 2364 934 2448 ὅρα
978 2367 1001 2447 ΙΙ
1046 2362 1185 2448 (ὅρα
1242 2369 1291 2427 Β
1344 2402 1428 2411 --
1473 2362 1510 2446 ᾖ
1557 2364 1579 2447 ss
1626 2368 1716 2447 εἴη
1761 2362 1884 2426 ΑΩ
1931 2402 2011 2412 -
2057 2365 2325 2447 ἀποτρέ-

369 2489 512 2549 ψεις
555 2466 577 2552 ss
622 2468 1003 2551 ἅπορρίψεις
1059 2464 1186 2528 ΑΩ
1244 2504 1324 2514 -
1385 2466 1645 2547 ἀφέτοις
1690 2466 1712 2549 ΙΙ
1759 2470 2008 2546 έφέτοις
2059 2464 2184 2529 ΑΩ
2239 2503 2324 2513 -

373 2569 593 2651 λόγοις
626 2572 643 2652 ss
680 2580 1012 2650 λογισμοῖς
1056 2567 1181 2632 ΑΩ
1224 2605 1304 2615 -
1352 2594 1420 2650 γε
1453 2570 1476 2652 ss
1505 2594 1581 2647 με
1625 2565 1749 2631 ΑΩ
1793 2604 1876 2614 -
1921 2575 2006 2646 εἰς
2037 2596 2088 2634 τ.
2124 2572 2173 2629 Β
2208 2568 2230 2652 ΙΙ
2265 2572 2326 2647 ές

374 2669 549 2734 ΑΩΒ
596 2710 676 2718 -
722 2677 1014 2737 πειστέον
1047 2670 1069 2756 ss
1103 2677 1365 2738 πιστέον
1411 2675 1460 2733 Β
1492 2707 1574 2717 -
1616 2679 2086 2749 νομοθετοῦντι
2121 2671 2142 2751 ΙΙ
2175 2697 2328 2736 νου-

372 2784 675 2841 θετοῦντι
721 2770 789 2835 Ω
835 2812 918 2822 -

154 2900 210 2942 c.
242 2885 345 2941 57.
380 2876 447 2942 δ’
493 2875 782 2943 ἄκουσον
816 2874 837 2959 ss
872 2881 936 2941 δὲ
983 2876 1080 2943 α’κ.
1117 2872 1243 2937 ΑΩ
1287 2912 1371 2922 -—-
1417 2878 1723 2961 ἐπιθυμίᾳ
1755 2875 1780 2959 ss
1812 2879 2119 2955 ἐπιθυμία
2148 2880 2197 2937 Β
2245 2912 2326 2922 -

378 2977 715 3061 Ἄμαστριν
747 2975 771 3060 ΙΙ
802 2998 922 3040 ras·
967 2981 1029 3039 in
1076 3003 1138 3042 ιν
1182 2981 1232 3039 Β
1277 3013 1360 3023 -
1391 2986 1729 3060 προσβολῇ
1762 2979 1781 3062 ss
1817 2987 2113 3061 προβολῇ
2144 2976 2213 3040 Ω
2244 3017 2327 3025 -

378 3085 689 3145 πλέουσιν
735 3078 758 3164 ΙΙ
803 3089 1079 3162 προσπλ.
1129 3082 1179 3140 Β
1240 3116 1318 3125 -
1382 3085 1468 3157 εἰς
1515 3078 1716 3163 αὐτὴν
1762 3078 1785 3164 ss
1831 3083 1893 3158 ές
1946 3081 2084 3147 αὐτ.
2148 3084 2198 3142 Β
2247 3117 2320 3126 -

380 3247 780 3333 ἠγοράζομεν
815 3182 1272 3333 112570032222'222
1319 3252 1452 3329 (sio)
1495 3255 1550 3312 A
1597 3287 1674 3296 —
1723 3256 1809 3327 εἰς
1855 3253 1939 3317 ἐκ.
1979 3250 2003 3335 ΙΙ
2035 3254 2098 3329 ἐς
2144 3254 2227 3318 ἐκ.
2279 3256 2328 3314 Β

382 3387 463 3398 -
508 3348 714 3417 τᾶλλα
746 3349 769 3434 ss
801 3348 881 3416 τὰ
926 3349 1092 3415 ἄλλα
1134 3349 1312 3413 ΑΩΒ
1356 3388 1440 3397 -
1487 3350 1698 3417 ὁπόσα
1729 3351 1752 3435 ΙΙ
1787 3350 1907 3417 ὅσα
1953 3349 2022 3413 Ω
2066 3389 2145 3399 -

160 3494 221 3537 e.
246 3479 345 3535 58.
378 3474 593 3537 ἐσκοπ.
646 3476 711 3536 δὲ
743 3468 766 3554 ΙΙ
799 3491 914 3533 om.
975 3477 1039 3535 δὲ
1084 3468 1152 3531 Ω
1208 3508 1287 3517 -
1345 3481 1781 3555 παρεμυθεῖτο
1815 3469 1837 3555 ΙΙ
1869 3482 2332 3555 παρεμυθοῦτο

385 3572 454 3636 Ω
498 3612 582 3621 —-
626 3583 934 3642 τοιοῦτον
968 3576 989 3655 ss
1020 3584 1285 3642 τοιοῦτο
1332 3579 1382 3637 Β
1425 3612 1510 3622 -
1555 3582 1792 3653 ἱκανῶς
1828 3577 1848 3656 ΙΙ
1881 3574 2105 3654 ἱκανὰς
2151 3574 2219 3637 Ω
2251 3613 2331 3624 —

386 3702 606 3760 παρεκ.
670 3680 739 3741 ἐκ
796 3704 844 3743 τ.
899 3687 954 3743 λ.
1004 3679 1023 3761 ΙΙ
1073 3681 1141 3743 ἐκ
1194 3705 1243 3744 τ.
1302 3687 1357 3743 λ.
1421 3676 1845 3761 παρεκόμισεν
1890 3682 1939 3740 Β
1985 3714 2066 3724 -
2111 3690 2333 3745 καλῶν

384 3787 745 3844 νεανίσκων
790 3777 813 3859 ΙΙ
858 3789 997 3844 καλ.
1061 3787 1168 3844 καὶ
1227 3805 1398 3844 νέαν.
1449 3776 1517 3841 Ω
1578 3816 1660 3826 -
1712 3785 1953 3862 πένητα
2000 3781 2273 3848 σεαυτόν
2317 3780 2338 3868 Ι

393 3880 636 3946 σαυτὸν
681 3907 743 3947 π.
792 3878 919 3944 ΑΩ
962 3917 1045 3927 —-

170 4005 231 4047 ο.
260 3990 360 4047 59.
391 3992 503 4066 τῆς
544 3982 745 4066 μάχης
779 3982 800 4063 ΙΙ
832 4010 885 4048 τ.
934 3981 1129 4066 τύχης
1172 3980 1241 4045 Ω
1290 4020 1365 4030 —-
1414 3988 1633 4067 φέρων
1664 3983 1691 4068 ΙΙ
1722 4006 1837 4047 om.
1883 3982 2010 4046 ΑΩ
