2750 4534
861 285 1145 338 ΟΝΕΙΡΟΣ
1178 286 1222 338 Η
1257 284 1660 339 ΑΛΕΚΤΡΥΩΝ.
2209 285 2329 343 133

162 449 434 532 ἔξαινες
491 456 601 521 καὶ
659 454 894 542 κρόκην
953 458 1228 544 κατῆγες
1284 457 1395 521 καὶ
1442 454 1845 541 ἐγυναικίζου
1903 454 1970 533 ἒς
2026 454 2100 521 τὸ
2150 454 2331 523 ἑται-

159 556 397 640 ρικόν,·

349 662 646 724 ΛΛΕΚ.
734 658 973 724 Πάντα
1018 662 1227 725 ταῦτα
1275 658 1549 727 ἐποίουν
1605 654 1681 725 οὗ
1724 658 1958 741 μόνος,
2007 651 2175 724 ἇλλὰ
2220 663 2332 726 καὶ

169 767 542 846 Τειρεσίας
587 759 720 845 πρὸ
772 758 934 844 εμοῦ
976 763 1088 827 καὶ
1133 757 1167 827 ὃ
1209 754 1480 827 Ἐλάτου
1526 774 1691 839 παῖς
1735 756 1773 828 ὅ
1815 759 2116 839 Καινεύς,
2164 783 2337 827 ωστε

159 859 412 929 ὁπόσα
471 888 551 928 αν
597 854 1021 949 ἀποσκώψῃς
1077 862 1174 940 εἰς
1220 861 1334 946 ἐμὲ
1391 866 1503 929 καὶ
1550 862 1647 941 εἰς
1691 861 1977 940 ἐκείνους
2023 856 2337 947 ἆποσκῴ-

165 978 321 1049 ψας
369 962 506 1051 ἔσῃ.

352 1072 557 1165 JVgIK.
656 1072 740 1133 Τί
785 1052 935 1149 οῧνς
991 1065 1280 1153 πότερος
1338 1062 1374 1133 o‘
1422 1072 1570 1151 βίος
1622 1062 1829 1155 ἡδίων
1888 1090 2000 1134 σοι
2054 1052 2163 1154 ἦν,
2224 1059 2339 1133 ὅτε

167 1164 346 1255 ἀνὴρ
396 1166 583 1257 ἦσθα
627 1164 668 1254 ἢ
714 1161 829 1235 ὅτε
874 1190 949 1234 σε
994 1164 1028 1234 ὃ
1078 1170 1410 1257 Περικλῆς
1456 1164 1746 1251 ὤπυιεν,-

355 1275 650 1337 ΛΛΕΚ.
733 1268 930 1359 Ὁρᾷς
975 1270 1120 1337 οἷον
1163 1274 1360 1337 τοῦτο
1406 1265 1785 1359 ἠρώτησας,
1835 1265 1989 1338 οὐδὲ
2035 1274 2133 1357 τῷ
2184 1279 2336 1339 Τει-

167 1380 384 1462 ρεσίᾳ
429 1376 936 1459 συνενεγκοῦσαν
979 1371 1096 1457 τὴν
1145 1368 1543 1461 ἀπόκρισιν,-

358 1480 563 1541 ΜΙΚ.
643 1469 854 1539 Ἀλλὰ
898 1500 1019 1541 καν
1065 1473 1144 1539 σὺ
1188 1473 1277 1561 μὴ
1328 1475 1544 1562 ε’ίπῃς,
1601 1476 1839 1554 ἱκανῶς
1883 1470 1918 1541 ὅ
1969 1417 2339 1562 Ευριπίδης

71 1592 150 1641 732
171 1579 474 1663 διέκρινε
537 1602 611 1643 το
673 1580 1010 1658 τοιοῦτον,
1081 1575 1293 1643 εἰπών
1360 1573 1451 1655 ὥς
1516 1581 1661 1662 τρὶς
1727 1604 1808 1644 αν
1866 1576 2097 1644 ἐθέλοι
2163 1571 2330 1661 παρ’

173 1674 451 1747 ἆσπίδα
499 1687 733 1769 στῆναι
775 1669 817 1766 ἢ
863 1672 1053 1757 α’παξ
1093 1693 1320 1747 τεκεῖν.

359 1785 655 1847 ΑΛΕΚ.
758 1783 896 1847 Καὶ
950 1779 1079 1867 μὴν
1139 1777 1498 1872 ἀναμνήσω
1560 1805 1665 1864 σε,
1734 1782 2028 1864 Munus,
2099 1774 2215 1847 οὗκ
2272 1779 2340 1859 ἐς

173 1884 446 1971 μακρὰν
505 1878 911 1951 ὥδινοῦσαν·
969 1884 1084 1971 ἔσῃ
1142 1884 1269 1970 γάρ
1325 1884 1481 1972 γυνὴ
1543 1888 1655 1952 καὶ
1715 1884 1792 1952 σὺ
1852 1884 1921 1951 ἓν
1980 1887 2201 1973 πολλῇ
2259 1888 2339 1972 τῇ

175 1985 490 2073 περιόδῳ
536 1985 878 2063 πολλάκις.

360 2094 565 2155 ΜΙΚ.
664 2081 798 2154 Oai-u
857 2082 1153 2176 ἀπάγξῃ,
1213 2075 1266 2153 ὦ
1313 2083 1717 2176 ἀλεκτρυών,
1766 2082 2071 2167 ἅπαντας
2116 2088 2344 2173 οἰόμε-

179 2217 292 2271 νος
345 2194 732 2280 Μιλησίους
789 2180 832 2278 ἢ
875 2196 1170 2274 Σαμίους
1217 2188 1425 2273 εἶναι,·
1482 2192 1556 2257 σὲ
1598 2195 1781 2278 γοῦν·
1814 2215 1984 2280 φασι
2041 2196 2148 2259 καὶ
2197 2199 2343 2259 Πυ-

177 2293 498 2381 θαγόραν
565 2288 729 2359 ὄντα
783 2292 904 2380 τὴν
961 2285 1142 2378 ω’ραν
1201 2292 1513 2381 λαμπρὸν
1579 2294 1906 2371 πολλάκις
1951 2287 2340 2361 Ἀσπασίαν

176 2399 509 2481 γενέσθαι
552 2398 650 2480 τῷ
679 2395 994 2480 τυράννω.
1045 2432 1124 2441 --
1173 2400 1273 2462 20.
1329 2400 1450 2472 Τίς
1482 2394 1552 2461 δὲ
1598 2395 1676 2484 δὴ
1706 2394 1875 2479 μετὰ
1920 2394 2036 2483 τὴν
2073 2390 2339 2462 ’Λσπα-
2368 2408 2446 2463 20

182 2504 345 2564 σίαν
391 2491 555 2581 ἀνὴρ
600 2486 644 2581 ἢ
685 2494 841 2585 γυνὴ
894 2481 1099 2573 αὖθις
1145 2488 1518 2583 άνεφάνης,·

359 2601 656 2665 ΛΛΕΚ.
739 2593 811 2665 ‘0
853 2596 1110 2675 κυνικὸς
1154 2597 1445 2686 Κράτης.

361 2705 566 2765 ΜΙΚ.
642 2689 726 2765 Ὢ
782 2698 1135 2784 Διοσκόρω
1195 2704 1314 2787 τῆς
1371 2693 1885 2787 ἀνομοιότητος,
1949 2698 2022 2778 ἐξ
2075 2698 2345 2783 ἑταίρας

183 2804 594 2891 φιλόσοφος.

361 2906 657 2969 ΑΛΕΚ.
748 2898 915 2968 Εἶτα
956 2898 1290 2987 βασιλεύς,
1339 2899 1484 2969 εἶτα
1530 2907 1735 2990 πένης
1778 2904 1889 2969 καὶ
1933 2895 2067 2985 μετ’
2119 2899 2343 2988 ὀλίγον

188 3006 566 3093 σατράπης,
615 3002 760 3072 εἶτα
789 3006 1008 3083 ἵππος
1052 3007 1162 3071 καὶ
1193 3004 1459 3082 κολοιὸς
1502 3008 1611 3071 καὶ
1641 3003 1970 3092 βάτραχος
2014 3007 2127 3071 καὶ
2173 3000 2345 3071 ἄλλα

186 3114 432 3193 μυρία·
490 3106 742 3194 μακρὸν
800 3102 863 3173 δ’
929 3098 1010 3173 ἂν
1054 3111 1310 3192 γένοιτο
1368 3107 2022 3195 καταριθμήσασθαι
2068 3106 2343 3174 ἕκαστα·

188 3210 272 3276 τὰ
343 3212 695 3277 τελευταῖα
763 3210 834 3276 δὲ
902 3204 1269 3295 ἇλεκτρυιύν
1341 3210 1698 3296 πολλάκις,
1770 3204 1993 3298 ἥσθην
2057 3210 2182 3297 γὰρ
2247 3214 2345 3297 τῷ

102 3313 481 3399 133τοιούτῳ
523 3316 684 3397 βίῳ,
742 3314 853 3378 καὶ
899 3310 1084 3397 παρὰ
1131 3314 1412 3390 πολλοῖς
1470 3308 1699 3391 ἄλλοις
1747 3312 2106 3389 δουλεύσας
2148 3318 2346 3395 βασι-

194 3417 382 3482 λεῦσι
425 3416 540 3481 καὶ
569 3419 810 3501 πένησι
856 3417 964 3480 καὶ
1013 3416 1368 3493 πλουσίοις
1413 3414 1496 3480 τὰ
1528 3417 1875 3481 τελευταῖα
1919 3417 2029 3480 καὶ
2077 3416 2185 3480 σοὶ
2232 3417 2345 3479 νῦν

195 3512 471 3600 σύνειμί
503 3518 882 3602 καταγελῶν
927 3513 1253 3604 ὁσημέραι
1309 3520 1432 3583 σοῦ
1475 3522 1935 3599 ποτνιωμένου
1981 3518 2088 3582 καὶ
2137 3514 2345 3598 οἰμώ-

198 3618 424 3698 ζοντος
472 3616 587 3684 ἐπὶ
618 3621 700 3705 τῇ
731 3623 932 3706 πενίᾳ
975 3620 1085 3684 καὶ
1117 3617 1271 3694 τοὺς
1301 3618 1663 3696 πλουσίους
1708 3616 2174 3702 θαυμάζοντος
2216 3611 2339 3690 ὑπ’

199 3714 474 3806 ἆγνοίας
528 3722 661 3785 τῶν
718 3720 995 3797 ἐκείνοις
1052 3720 1445 3804 προσόντων
1500 3722 1733 3787 κακῶν.
1836 3720 1895 3787 εἰ
1950 3723 2105 3806 γοῦν
2159 3714 2347 3807 ᾔδεις

198 3822 317 3899 τὰς
377 3821 743 3908 φροντίδας
800 3822 1016 3887 αὐτῶν
1077 3820 1155 3898 ἃς
1201 3820 1489 3908 ἔχουσιν,
1552 3820 1776 3905 ἐγέλας
1834 3811 1913 3887 ὃν
1960 3821 2075 3888 ἐπὶ
2122 3824 2348 3907 σαυτῷ

201 3927 473 4009 πρῶτον
519 3921 820 4010 οἰηθέντι
867 3918 1405 4006 ὑπερευδαίμονα
1451 3918 1623 3990 εἶναι
1666 3920 1783 3989 τὸν
1827 3925 2139 3991 πλοῦτον.

372 4030 576 4091 MIK.
673 4018 940 4105 οὐκοῦν,
987 4011 1040 4090 ὦ
1076 4024 1474 4112 Πυθαγόρα,
1679 4032 1900 4093 καίτοι
1944 4032 2011 4093 τι
2052 4026 2348 4110 μάλιστα
