2750 4534
472 275 594 333 228
1410 269 1668 323 LUCIANI

684 442 964 507 QFMut.
1022 480 1105 491 -—
1162 439 1677 523 συμπεφορηκώς
1728 440 1750 525 ΙΙ
1807 438 2301 521 συμπεφορικώς
2362 447 2484 501 445
2545 474 2612 482 -

683 552 836 629 μηδέ
856 543 877 630 ΙΙ
895 546 1052 628 μηδ’
1082 543 1135 609 91
1157 581 1239 593 —
1264 547 1506 627 ἔρωμαι
1531 542 1552 625 ΙΙ
1581 547 1804 625 ἒρομαι
1827 546 1878 604 Α
1907 552 2026 605 445
2051 539 2156 606 FQI
2177 578 2261 587 —
2283 546 2351 606 σέ
2381 566 2450 605 τε
2471 540 2493 623 1}
2515 561 2617 602 om.

686 675 752 713 τε
796 652 852 710 Α
893 684 977 695 -
1020 646 1305 714 ἀπέθανε
1347 644 1365 726 ss
1411 646 1734 711 ἀπέθανεν
1779 642 1900 705 ΩΓ
1931 681 2012 690 ——
2043 649 2301 721 Μειδίας
2344 640 2364 724 ΙΙ
2406 648 2620 723 μηδίας

687 754 740 812 Α
786 788 869 799 ——-
924 748 1264 833 Αἰγινήτης
1384 755 1708 831 Αίγινίτης
1762 751 1816 808 Α
1859 784 1942 793 -
2000 756 2168 832 λιμῷ
2209 743 2228 827 ss
2282 753 2455 823 λιμῶ
2505 746 2620 805 sine

690 880 710 916 ι
742 855 968 915 subscr.
998 848 1051 913 Γ
1080 887 1161 897 —-
1196 856 1484 933 Μέλητος
1529 856 1593 915 δὲ
1699 876 1736 915 ο
1783 855 1847 914 δὲ
1889 854 2144 927 μέλιτος
2190 850 2242 913 21
2271 884 2356 893 --
2388 852 2622 929 Σαρδα-

688 952 1023 1030 νάπαλλος
1052 951 1071 1035 ss
1098 950 1617 1034 Σαρδανάπαλος
1646 954 1792 1013 Mat.
1828 986 1902 995 --
1937 955 2055 1027 μὲν
2083 948 2104 1032 ΙΙ
2133 953 2198 1014 δὲ
2229 950 2281 1012 21
2315 988 2400 997 -—
2435 951 2625 1027 ἐβασί-

690 1067 832 1120 λευε
874 1051 895 1139 fl
938 1058 1302 1133 ἐβασίλευσε
1346 1058 1499 1116 Mut.
1530 1089 1614 1099 -—
1643 1063 1910 1135 Περσῶν
1957 1058 2021 1117 δὲ
2066 1106 2078 1117 .
2115 1104 2128 1117 .
2180 1104 2192 1117 .
2229 1055 2621 1131 γιγνομένοις

688 1154 709 1241 ΙΙ
748 1155 955 1239 γώχης
1001 1162 1065 1221 δὲ
1110 1156 1271 1239 ἀνὴρ
1314 1154 1610 1237 ἐνάρετος
1649 1155 2169 1236 ἀνεσκολοπίσθη
2215 1153 2382 1235 πρὸς
2429 1152 2622 1217 aizos

690 1258 852 1325 διότι
896 1258 980 1342 μὴ
1010 1258 1311 1342 ἠρέσκετο
1344 1274 1484 1336 τοῖς
1513 1262 1914 1339 γιγνομένοις
1945 1260 1999 1318 Α
2031 1265 2152 1319 445
2200 1254 2434 1337 γόγχῆς
2465 1256 2541 1334 (Ρ)
2571 1259 2624 1318 δὲ

691 1360 851 1444 ἀνὴρ
896 1359 1234 1444 εὐάρεστος
1276 1360 1796 1441 ἀνεσκολοπίσθη
1827 1414 1840 1425 .
1877 1412 1890 1425 .
1926 1413 1938 1425 .
1977 1412 1990 1425 .
2035 1356 2338 1442 ἠρέσκετο
2373 1358 2446 1436 21,
2493 1359 2625 1417 Mut.

704 1472 773 1527 ut
818 1467 914 1527 ed.
961 1467 1200 1526 Teubn.

484 1589 535 1629 e.
576 1576 672 1630 17.
704 1572 812 1631 ἵνα
860 1565 881 1651 ss
923 1573 1043 1631 καὶ·
1073 1572 1179 1631 ἵνα
1224 1566 1335 1629 A21
1380 1600 1462 1609 —-
1493 1562 1646 1641 ’ἱ-μῖν
1689 1561 1710 1647 ss
1753 1584 1867 1625 om.
1915 1560 1966 1623 Γ
1966 1566 2113 1626 Mut.
2156 1600 2239 1609 -—
2284 1562 2629 1643 ἀγομένους

696 1674 759 1734 δὲ
804 1669 822 1751 ss
868 1668 961 1748 ἀγ.
1009 1674 1128 1745 μὲν
1173 1664 1242 1728 Ω
1284 1702 1367 1713 -
1421 1664 1539 1743 Τὰς
1581 1675 1718 1732 κολ.
1830 1687 1946 1728 om.
1991 1664 2106 1743 τὰς
2151 1666 2204 1729 21
2247 1700 2329 1711 --
2369 1664 2575 1745 Ἅιδην
2613 1660 2629 1743 Ι]

696 1769 939 1853 ἄδηλον
971 1765 1238 1831 ΩΓΜιη.
1266 1804 1348 1811 -
1372 1766 1497 1847 ἐγὼ
1528 1773 1592 1832 δὲ
1615 1766 1634 1850 ΙΙ
1655 1788 1768 1829 om.
1804 1773 1867 1832 δὲ
1901 1775 2022 1828 445
2047 1805 2130 1814 —
2154 1774 2259 1832 καὶ
2288 1761 2630 1845 τοιοῦτονβ

699 1892 814 1933 om.
872 1879 978 1935 καὶ
1036 1866 1252 1932 QMut.
1302 1907 1382 1915 --
1435 1870 1552 1934 τὸν
1609 1878 1986 1935 οποσονοῦν
2038 1868 2284 1951 χρόνον
2341 1880 2574 1935 τοῦτον
2612 1865 2627 1947 {l

696 1970 815 2038 τὸν
860 1972 967 2037 ὄπ.
998 1982 1238 2038 τοῦτον
1283 1972 1400 2037 τὸν
1434 1970 1674 2053 χρόνον
1720 1968 1788 2033 Ω
1821 1980 1940 2033 445
1990 1967 2039 2031 Γ
2082 1970 2200 2037 τὸν
2245 1970 2350 2037 ὃπ.
2405 1980 2626 2037 τοῦτον

692 2073 940 2158 χρόνον
983 2077 1130 2138 Mat.
1178 2110 1259 2121 ·—
1308 2072 1651 2153 διαβιωσας
1756 2094 1871 2136 om.
1917 2080 2020 2138 δια
2077 2074 2186 2138 Αἳῑ
2243 2072 2529 2153 διαβιοὺς
2569 2067 2625 2130 Ω

707 2184 826 2239 445
875 2174 1075 2238 PMut.

488 2300 539 2343 c.
580 2285 675 2342 18.
707 2287 771 2343 τί
816 2277 974 2360 φής,·
1015 2332 1028 2344 .
1066 2331 1078 2343 .
1116 2331 1128 2344 .
1180 2277 1348 2357 ἄξιοι
1380 2275 1560 2339 ΚΥΝ
1587 2275 1606 2361 ΙΙ
1646 2280 1708 2339 in
1757 2279 1964 2339 codice
1995 2280 2142 2339 Mut.
2177 2280 2446 2341 acriores
2491 2276 2629 2338 oculi

700 2383 854 2443 haee
884 2383 1108 2459 legant.
1137 2416 1220 2426 —
1245 2378 1660 2462 δικαστήριον
1683 2378 1701 2463 ΙΙ
1724 2376 2094 2461 δικαστήρια
2125 2388 2244 2441 445
2274 2417 2357 2425 -
2381 2388 2596 2445 Μίνωα
2613 2372 2630 2455 [ξ

701 2490 889 2547 Μίνω
935 2478 1055 2542 ΩΓ
1101 2517 1183 2527 -
1238 2479 1514 2561 δικάζειν
1557 2479 1576 2561 ΙΙ
1621 2486 1669 2546 δ.
1731 2477 1909 2545 κάτω
1958 2475 2026 2540 Ω
2074 2487 2193 2542 445
2240 2478 2292 2540 Γ
2338 2516 2424 2527 --
2474 2486 2536 2544 Τί
2575 2474 2629 2540 δ’

705 2582 903 2649 αὐτὸν
931 2580 951 2667 ΙΙ
978 2591 1041 2649 τί
1083 2588 1149 2648 δὲ
1179 2583 1487 2648 κάκεῖνον
1531 2578 1598 2643 Ω
1632 2590 1752 2644 445
1800 2580 1849 2642 Γ
1880 2590 1944 2647 τί
1986 2588 2092 2647 καὶ
2124 2581 2216 2646 δι’
2247 2581 2452 2648 αὐτὸν
2484 2582 2533 2644 21
2561 2612 2628 2622 -

702 2685 1061 2763 ἀποπέμπει
1104 2683 1123 2767 ΙΙ
1165 2690 1394 2762 πέμπει
1439 2681 1508 2744 Ω
1536 2718 1622 2729 -——
1650 2681 1959 2749 ἀκούσιόν
2005 2711 2064 2747 τι
2107 2681 2128 2768 ΙΙ
2170 2704 2284 2746 om.
2331 2712 2394 2749 τι
2436 2680 2628 2744 ΩΜιιῐ.

704 2821 789 2832 -
832 2797 1071 2853 τοῦτον
1100 2784 1119 2870 ΙΙ
1146 2789 1344 2853 τοῦτο
1376 2790 1433 2848 Α
1463 2822 1543 2831 -
1591 2783 1874 2868 δικαιοῖΙΙ
1903 2792 2152 2851 δίκαιον
2183 2781 2234 2847 Γ
2264 2824 2335 2831 -
2380 2794 2591 2852 τοίνυν
2617 2780 2631 2861 ss

704 2898 1051 2971 τοιγοροῦν
1081 2885 1281 2951 PMut.
1318 2924 1393 2933 —
1429 2885 1674 2970 ἀνάγκη
1712 2887 1982 2973 ἀφύκτῳ
2029 2885 2048 2972 ΙΙ
2077 2888 2184 2967 ἀφ.
2221 2887 2316 2954 ἀν.
2353 2886 2400 2949 Γ
2423 2926 2504 2935 ——
2531 2909 2630 2964 ‹Jo-

706 2990 858 3073 νεύῃ
900 2990 919 3073 ss
964 3000 1256 3073 φονευθῇ
1301 2987 1370 3051 Ω
1417 2998 1536 3053 445
1582 2986 1784 3052 PMut.
1831 3027 1915 3035 --
1960 2988 2332 3070 φονεύουσα
2373 2989 2393 3073 ΙΙ
2423 2982 2628 3071 φονεύ-

708 3112 868 3157 σασα
912 3088 979 3153 Ω
1013 3100 1132 3154 445
1166 3090 1215 3152 Γ
1262 3128 1344 3136 -
1383 3092 1561 3177 αὐτῷ
1606 3098 1725 3175 δρᾷ
1766 3090 1786 3176 ΙΙ
1831 3089 1994 3157 αὐτὸ
2041 3098 2203 3174 δρᾶν
2233 3089 2302 3152 Ω
2333 3101 2452 3155 445
2487 3086 2532 3150 Γ
2563 3121 2626 3131 -·

709 3194 745 3260 ὃ
803 3204 1027 3273 Μίνως
1068 3194 1088 3277 ΙΙ
1130 3216 1245 3257 om.
1307 3196 1408 3255 A?
1465 3202 1754 3273 νομίμως
1822 3203 1941 3257 445
2003 3196 2055 3258 ἳῖ
2113 3232 2194 3241 -
2251 3195 2574 3261 κολάσεται
2611 3188 2625 3271 ΙΙ

720 3297 1073 3380 κολάσηται
1119 3298 1169 3362 ἳῑ

496 3421 547 3463 0.
588 3407 681 3462 19.
717 3399 869 3465 ουδ’
911 3398 929 3481 ΙΙ
975 3398 1123 3465 ου’δὲ
1170 3402 1371 3463 ἐθέλει
1419 3400 1673 3476 (1²)Mut.
1711 3435 1791 3445 —-
1823 3398 1948 3463 κᾶν
1991 3398 2010 3478 ΙΙ
2057 3419 2166 3464 om.
2212 3394 2472 3462 OFMut.
2519 3391 2625 3459 κᾶν

710 3504 799 3567 ἔτι
847 3510 967 3565 445
1022 3508 1129 3566 καὶ
1175 3502 1227 3565 21
1273 3537 1354 3547 —
1403 3503 1486 3582 ἐρ.
1553 3519 1620 3565 σε
1661 3500 1681 3583 ΙΙ
1724 3521 1834 3567 om.
1902 3520 1970 3565 σε
2011 3497 2080 3561 Ω
2141 3509 2261 3563 445
2323 3497 2510 3563 FMut.
2559 3528 2624 3539 -

707 3603 1107 3669 λεπτότατον
1150 3602 1169 3687 ΙΙ
1198 3600 1564 3685 ἀκρότατον
1609 3604 1661 3667 21
1689 3638 1774 3649 —-
1805 3613 2090 3668 τοσαῦτα
2119 3601 2138 3686 ΙΙ
2165 3602 2440 3669 τοσαυτ’
2483 3600 2529 3663 21
2556 3629 2625 3644 -·-·
2727 3682 2729 3687 Ι

708 3716 870 3787 γοῦν
915 3703 934 3787 ΙΙ
977 3727 1086 3771 om.
1142 3713 1261 3767 445
1320 3702 1444 3770 οὖν
1506 3700 1769 3771 QPMut.
1820 3741 1903 3751 —
1949 3704 2112 3770 ἀλλὰ
2170 3707 2253 3771 ἓλ.
2299 3704 2322 3790 fl
2363 3701 2512 3770 ἀλλ’
2551 3694 2623 3763 ἑλζ

711 3804 778 3869 Ω
831 3817 950 3870 445
998 3804 1049 3869 Γ
1080 3844 1163 3853 -—
1208 3810 1442 3872 ἕκαστα
1483 3806 1504 3889 ss
1547 3805 1802 3872 ἅπαντα
1850 3809 1902 3872 21
1930 3844 2013 3854 —
2045 3806 2209 3891 πρὸς
2255 3798 2622 3891 αὐτὰΙΙπρὸς

712 3919 914 3975 ταῦτα
960 3911 1159 3973 mint.
1208 3944 1291 3954 —
1336 3913 1403 3973 δὲ
1449 3912 1602 3987 ἴσως
1643 3906 1665 3991 ss
1707 3908 1777 3973 δ’
1823 3911 1901 3975 ἲσ.
1951 3906 2020 3970 Ω
2069 3917 2186 3971 445
2234 3906 2301 3975 Γ.

500 4014 646 4075 Cod.
682 4020 760 4075 90
795 4009 846 4072 Γ
884 4016 1021 4075 Vat.
1053 4014 1265 4090 paucis
1296 4014 1574 4090 exceptis
1603 4014 1911 4091 conspirat
1941 4032 1995 4073 c.
2029 4015 2159 4075 cod.
2195 4014 2380 4073 Marc.
2411 4006 2474 4071 Ω
2499 4010 2618 4067 434.
