<?xml version="1.0" encoding="UTF-8"?>
<!DOCTYPE html PUBLIC "-//W3C//DTD XHTML 1.0 Transitional//EN"
    "http://www.w3.org/TR/xhtml1/DTD/xhtml1-transitional.dtd">
<html xmlns="http://www.w3.org/1999/xhtml" xml:lang="en" lang="en">
 <head>
  <title>
</title>
<meta http-equiv="Content-Type" content="text/html;charset=utf-8" />
  <meta name='ocr-system' content='tesseract 3.04.00' />
  <meta name='ocr-capabilities' content='ocr_page ocr_carea ocr_par ocr_line ocrx_word'/>
</head>
<body>
  <div class='ocr_page' id='page_1' title='image "./lucianus01sommgoog_0138.png"; bbox 0 0 2750 4534; ppageno 0'>
   <div class='ocr_carea' id='block_1_1' title="bbox 460 240 1713 299">
    <p class='ocr_par' dir='ltr' id='par_1_1' title="bbox 460 240 1713 299">
     <span class='ocr_line' id='line_1_1' title="bbox 460 240 1713 299; baseline -0.003 0"><span class='ocrx_word' id='word_1_1' title='bbox 460 242 492 299; x_wconf 91' lang='grc'>1</span> <span class='ocrx_word' id='word_1_2' title='bbox 503 240 581 299; x_wconf 81' lang='grc'><strong><em>22</em></strong></span> <span class='ocrx_word' id='word_1_3' title='bbox 1344 242 1713 296; x_wconf 79' lang='grc' dir='ltr'>ΛΟΥΚΙΑΝΟΥ</span> 
     </span>
    </p>
   </div>
   <div class='ocr_carea' id='block_1_2' title="bbox 332 396 2709 4069">
    <p class='ocr_par' dir='ltr' id='par_1_2' title="bbox 451 396 2615 908">
     <span class='ocr_line' id='line_1_2' title="bbox 456 396 2613 499; baseline 0.002 -23"><span class='ocrx_word' id='word_1_4' title='bbox 456 406 631 477; x_wconf 64' lang='grc' dir='ltr'><strong><em>οὕτω</em></strong></span> <span class='ocrx_word' id='word_1_5' title='bbox 679 414 849 497; x_wconf 90' lang='grc' dir='ltr'><strong><em>πρός</em></strong></span> <span class='ocrx_word' id='word_1_6' title='bbox 879 439 961 496; x_wconf 91' lang='grc' dir='ltr'><strong><em>με</em></strong></span> <span class='ocrx_word' id='word_1_7' title='bbox 995 412 1499 499; x_wconf 86' lang='grc' dir='ltr'><strong><em>διαλεγόμενος;</em></strong></span> <span class='ocrx_word' id='word_1_8' title='bbox 1544 411 1695 477; x_wconf 77' lang='grc' dir='ltr'><strong><em>εἰπὲ</em></strong></span> <span class='ocrx_word' id='word_1_9' title='bbox 1727 406 1789 477; x_wconf 78' lang='grc' dir='ltr'><strong><em>δ’</em></strong></span> <span class='ocrx_word' id='word_1_10' title='bbox 1831 396 1947 478; x_wconf 70' lang='grc' dir='ltr'><strong><em>οὖν</em></strong></span> <span class='ocrx_word' id='word_1_11' title='bbox 1990 412 2164 497; x_wconf 87' lang='grc' dir='ltr'><strong><em>πρὸς</em></strong></span> <span class='ocrx_word' id='word_1_12' title='bbox 2206 424 2324 480; x_wconf 87' lang='grc' dir='ltr'><strong><em>τοῦ</em></strong></span> <span class='ocrx_word' id='word_1_13' title='bbox 2347 409 2613 499; x_wconf 86' lang='grc' dir='ltr'><strong><em>Ἑρμοῦ,</em></strong></span> 
     </span>
     <span class='ocr_line' id='line_1_3' title="bbox 454 500 2615 602; baseline 0.002 -23"><span class='ocrx_word' id='word_1_14' title='bbox 454 500 510 579; x_wconf 70' lang='grc' dir='ltr'><em>ὦ</em></span> <span class='ocrx_word' id='word_1_15' title='bbox 551 517 874 599; x_wconf 87' lang='grc' dir='ltr'><strong><em>βέλτιστε,</em></strong></span> <span class='ocrx_word' id='word_1_16' title='bbox 921 508 961 582; x_wconf 71' lang='grc' dir='ltr'><strong><em>δ’</em></strong></span> <span class='ocrx_word' id='word_1_17' title='bbox 995 542 1063 580; x_wconf 90' lang='grc' dir='ltr'><strong><em>τι</em></strong></span> <span class='ocrx_word' id='word_1_18' title='bbox 1107 519 1218 582; x_wconf 82' lang='grc' dir='ltr'><strong><em>καὶ</em></strong></span> <span class='ocrx_word' id='word_1_19' title='bbox 1264 510 1430 582; x_wconf 75' lang='grc' dir='ltr'><strong><em>ἄλλο</em></strong></span> <span class='ocrx_word' id='word_1_20' title='bbox 1475 538 1584 581; x_wconf 93' lang='grc' dir='ltr'><strong><em>σοι</em></strong></span> <span class='ocrx_word' id='word_1_21' title='bbox 1626 517 1745 601; x_wconf 81' lang='grc' dir='ltr'><strong><em>τῆς</em></strong></span> <span class='ocrx_word' id='word_1_22' title='bbox 1789 519 2018 602; x_wconf 85' lang='grc' dir='ltr'><strong><em>φωνῆς</em></strong></span> <span class='ocrx_word' id='word_1_23' title='bbox 2064 516 2301 583; x_wconf 74' lang='grc' dir='ltr'><strong><em>αἴτιον.</em></strong></span> <span class='ocrx_word' id='word_1_24' title='bbox 2392 512 2487 594; x_wconf 78' lang='grc' dir='ltr'><strong><em>ὥς</em></strong></span> <span class='ocrx_word' id='word_1_25' title='bbox 2538 518 2615 583; x_wconf 81' lang='grc' dir='ltr'><strong><em>δὲ</em></strong></span> 
     </span>
     <span class='ocr_line' id='line_1_4' title="bbox 453 610 2615 706; baseline 0.001 -23"><span class='ocrx_word' id='word_1_26' title='bbox 453 615 892 701; x_wconf 88' lang='grc' dir='ltr'><strong><em>σιωπήσομαι</em></strong></span> <span class='ocrx_word' id='word_1_27' title='bbox 935 620 1044 683; x_wconf 85' lang='grc' dir='ltr'><strong><em>καὶ</em></strong></span> <span class='ocrx_word' id='word_1_28' title='bbox 1077 616 1253 703; x_wconf 89' lang='grc' dir='ltr'><strong><em>πρὸς</em></strong></span> <span class='ocrx_word' id='word_1_29' title='bbox 1302 610 1537 683; x_wconf 81' lang='grc' dir='ltr'><strong><em>ούδένα</em></strong></span> <span class='ocrx_word' id='word_1_30' title='bbox 1570 616 1716 700; x_wconf 84' lang='grc' dir='ltr'><strong><em>ἐρῶ,</em></strong></span> <span class='ocrx_word' id='word_1_31' title='bbox 1762 622 1832 683; x_wconf 94' lang='grc' dir='ltr'><strong><em>τί</em></strong></span> <span class='ocrx_word' id='word_1_32' title='bbox 1862 640 1938 684; x_wconf 92' lang='grc' dir='ltr'><strong><em>σε</em></strong></span> <span class='ocrx_word' id='word_1_33' title='bbox 1963 617 2083 706; x_wconf 87' lang='grc' dir='ltr'><strong><em>χρὴ</em></strong></span> <span class='ocrx_word' id='word_1_34' title='bbox 2133 618 2454 699; x_wconf 88' lang='grc' dir='ltr'><strong><em>δεδιέναι,·</em></strong></span> <span class='ocrx_word' id='word_1_35' title='bbox 2501 627 2615 697; x_wconf 86' lang='grc' dir='ltr'><strong><em>τίς</em></strong></span> 
     </span>
     <span class='ocr_line' id='line_1_5' title="bbox 451 709 2615 807; baseline 0.001 -23"><span class='ocrx_word' id='word_1_36' title='bbox 451 718 575 805; x_wconf 85' lang='grc' dir='ltr'><strong><em>γὰρ</em></strong></span> <span class='ocrx_word' id='word_1_37' title='bbox 635 709 714 785; x_wconf 70' lang='grc' dir='ltr'><strong><em>ἂν</em></strong></span> <span class='ocrx_word' id='word_1_38' title='bbox 775 718 1158 804; x_wconf 84' lang='grc' dir='ltr'><strong><em>πιστεύσειέ</em></strong></span> <span class='ocrx_word' id='word_1_39' title='bbox 1201 744 1349 802; x_wconf 91' lang='grc' dir='ltr'><strong><em>μοι,</em></strong></span> <span class='ocrx_word' id='word_1_40' title='bbox 1410 720 1477 785; x_wconf 77' lang='grc' dir='ltr'><strong><em>εἴ</em></strong></span> <span class='ocrx_word' id='word_1_41' title='bbox 1512 744 1581 785; x_wconf 90' lang='grc' dir='ltr'><strong><em>τι</em></strong></span> <span class='ocrx_word' id='word_1_42' title='bbox 1626 720 1975 807; x_wconf 79' lang='grc' dir='ltr'><em>διηγοίμην</em></span> <span class='ocrx_word' id='word_1_43' title='bbox 2032 717 2124 798; x_wconf 81' lang='grc' dir='ltr'><strong><em>ὥς</em></strong></span> <span class='ocrx_word' id='word_1_44' title='bbox 2168 714 2615 804; x_wconf 78' lang='grc' dir='ltr'><strong><em>ἀλεκτρυόνος</em></strong></span> 
     </span>
     <span class='ocr_line' id='line_1_6' title="bbox 455 814 1346 908; baseline -0.002 -21"><span class='ocrx_word' id='word_1_45' title='bbox 455 814 612 888; x_wconf 80' lang='grc' dir='ltr'><strong><em>αύτό</em></strong></span> <span class='ocrx_word' id='word_1_46' title='bbox 663 821 973 899; x_wconf 80' lang='grc' dir='ltr'><strong><em>εἰπόντος</em></strong></span> <span class='ocrx_word' id='word_1_47' title='bbox 1017 815 1312 908; x_wconf 84' lang='grc' dir='ltr'><strong><em>ἀκηκοώς</em></strong></span> <span class='ocrx_word' id='word_1_48' title='bbox 1324 850 1346 903; x_wconf 87' lang='lat'><strong><em>,-</em></strong></span> 
     </span>
    </p>

    <p class='ocr_par' dir='ltr' id='par_1_3' title="bbox 449 910 2607 1213">
     <span class='ocr_line' id='line_1_7' title="bbox 619 910 2605 1013; baseline 0 -24"><span class='ocrx_word' id='word_1_49' title='bbox 619 927 913 989; x_wconf 87' lang='grc' dir='ltr'><em>ΑΛΕΚ.</em></span> <span class='ocrx_word' id='word_1_50' title='bbox 991 918 1232 989; x_wconf 81' lang='grc' dir='ltr'><strong><em>’Ἀκουε</em></strong></span> <span class='ocrx_word' id='word_1_51' title='bbox 1284 928 1508 1013; x_wconf 90' lang='grc' dir='ltr'><strong><em>τοίνυν</em></strong></span> <span class='ocrx_word' id='word_1_52' title='bbox 1561 921 2110 1006; x_wconf 84' lang='grc' dir='ltr'><strong><em>παραδοξότατόν</em></strong></span> <span class='ocrx_word' id='word_1_53' title='bbox 2172 946 2283 989; x_wconf 92' lang='grc' dir='ltr'><strong><em>σοι</em></strong></span> <span class='ocrx_word' id='word_1_54' title='bbox 2342 910 2411 990; x_wconf 74' lang='grc' dir='ltr'><strong><em>εὖ</em></strong></span> <span class='ocrx_word' id='word_1_55' title='bbox 2456 922 2605 991; x_wconf 80' lang='grc' dir='ltr'><strong><em>οἶδ’</em></strong></span> 
     </span>
     <span class='ocr_line' id='line_1_8' title="bbox 449 1012 2607 1113; baseline 0.001 -22"><span class='ocrx_word' id='word_1_56' title='bbox 449 1024 558 1091; x_wconf 75' lang='grc' dir='ltr'><strong><em>ὅτι</em></strong></span> <span class='ocrx_word' id='word_1_57' title='bbox 603 1020 824 1109; x_wconf 85' lang='grc' dir='ltr'><strong><em>λόγον,</em></strong></span> <span class='ocrx_word' id='word_1_58' title='bbox 888 1012 940 1089; x_wconf 75' lang='grc' dir='ltr'><em>ὦ</em></span> <span class='ocrx_word' id='word_1_59' title='bbox 989 1019 1278 1093; x_wconf 86' lang='grc' dir='ltr'><strong><em>Μικύλε·</em></strong></span> <span class='ocrx_word' id='word_1_60' title='bbox 1341 1021 1569 1091; x_wconf 76' lang='grc' dir='ltr'><strong><em>οὑτοσὶ</em></strong></span> <span class='ocrx_word' id='word_1_61' title='bbox 1629 1023 1755 1109; x_wconf 82' lang='grc' dir='ltr'><strong><em>γὰρ</em></strong></span> <span class='ocrx_word' id='word_1_62' title='bbox 1799 1020 1835 1091; x_wconf 82' lang='grc' dir='ltr'>ὅ</span> <span class='ocrx_word' id='word_1_63' title='bbox 1884 1028 1999 1091; x_wconf 82' lang='grc' dir='ltr'><strong><em>νῦν</em></strong></span> <span class='ocrx_word' id='word_1_64' title='bbox 2057 1047 2165 1091; x_wconf 93' lang='grc' dir='ltr'><strong><em>σοι</em></strong></span> <span class='ocrx_word' id='word_1_65' title='bbox 2225 1020 2607 1113; x_wconf 79' lang='grc' dir='ltr'><strong><em>ἀλεκτρυών</em></strong></span> 
     </span>
     <span class='ocr_line' id='line_1_9' title="bbox 451 1111 2015 1213; baseline -0.001 -22"><span class='ocrx_word' id='word_1_66' title='bbox 451 1129 857 1213; x_wconf 79' lang='grc' dir='ltr'><strong><em>φαινόμενος</em></strong></span> <span class='ocrx_word' id='word_1_67' title='bbox 903 1122 978 1193; x_wconf 81' lang='grc' dir='ltr'><strong><em>οὗ</em></strong></span> <span class='ocrx_word' id='word_1_68' title='bbox 1025 1126 1155 1212; x_wconf 85' lang='grc' dir='ltr'><strong><em>πρὸ</em></strong></span> <span class='ocrx_word' id='word_1_69' title='bbox 1206 1128 1461 1193; x_wconf 85' lang='grc' dir='ltr'><strong><em>πολλοῦ</em></strong></span> <span class='ocrx_word' id='word_1_70' title='bbox 1506 1122 1876 1209; x_wconf 76' lang='grc' dir='ltr'><strong><em>ἅνθρωπος</em></strong></span> <span class='ocrx_word' id='word_1_71' title='bbox 1917 1111 2015 1213; x_wconf 77' lang='grc' dir='ltr'><strong><em>ἦν.</em></strong></span> 
     </span>
    </p>

    <p class='ocr_par' dir='ltr' id='par_1_4' title="bbox 424 1222 2709 3457">
     <span class='ocr_line' id='line_1_10' title="bbox 627 1222 2601 1313; baseline 0.001 -20"><span class='ocrx_word' id='word_1_72' title='bbox 627 1236 820 1294; x_wconf 87' lang='grc' dir='ltr'><strong><em>ΜΙΚ.</em></strong></span> <span class='ocrx_word' id='word_1_73' title='bbox 907 1224 1204 1296; x_wconf 82' lang='grc' dir='ltr'><strong><em>Ἧκουσά</em></strong></span> <span class='ocrx_word' id='word_1_74' title='bbox 1246 1255 1315 1295; x_wconf 92' lang='grc' dir='ltr'><strong><em>τι</em></strong></span> <span class='ocrx_word' id='word_1_75' title='bbox 1359 1232 1471 1295; x_wconf 90' lang='grc' dir='ltr'><strong><em>καὶ</em></strong></span> <span class='ocrx_word' id='word_1_76' title='bbox 1514 1229 1733 1294; x_wconf 84' lang='grc' dir='ltr'><strong><em>πάλαι</em></strong></span> <span class='ocrx_word' id='word_1_77' title='bbox 1786 1232 2089 1296; x_wconf 82' lang='grc' dir='ltr'><strong><em>τοιοῦτον</em></strong></span> <span class='ocrx_word' id='word_1_78' title='bbox 2150 1222 2381 1312; x_wconf 85' lang='grc' dir='ltr'><strong><em>ἀμέλει</em></strong></span> <span class='ocrx_word' id='word_1_79' title='bbox 2436 1234 2601 1313; x_wconf 79' lang='grc' dir='ltr'><strong><em>περὶ</em></strong></span> 
     </span>
     <span class='ocr_line' id='line_1_11' title="bbox 449 1320 2601 1417; baseline 0 -20"><span class='ocrx_word' id='word_1_80' title='bbox 449 1327 632 1414; x_wconf 75' lang='grc' dir='ltr'><strong><em>ὑμῶν</em></strong></span> <span class='ocrx_word' id='word_1_81' title='bbox 677 1327 767 1409; x_wconf 78' lang='grc' dir='ltr'><strong><em>ὥς</em></strong></span> <span class='ocrx_word' id='word_1_82' title='bbox 791 1320 1189 1414; x_wconf 85' lang='grc' dir='ltr'><strong><em>Ἀλεκτρυών</em></strong></span> <span class='ocrx_word' id='word_1_83' title='bbox 1233 1355 1337 1408; x_wconf 90' lang='grc' dir='ltr'><strong><em>τις</em></strong></span> <span class='ocrx_word' id='word_1_84' title='bbox 1367 1335 1709 1407; x_wconf 83' lang='grc' dir='ltr'><strong><em>νεανίσκος</em></strong></span> <span class='ocrx_word' id='word_1_85' title='bbox 1752 1332 1954 1417; x_wconf 88' lang='grc' dir='ltr'><strong><em>φίλος</em></strong></span> <span class='ocrx_word' id='word_1_86' title='bbox 1980 1335 2235 1415; x_wconf 88' lang='grc' dir='ltr'><strong><em>γένοιτο</em></strong></span> <span class='ocrx_word' id='word_1_87' title='bbox 2281 1326 2601 1417; x_wconf 77' lang='grc' dir='ltr'><strong><em>τῷ”Αρει</em></strong></span> 
     </span>
     <span class='ocr_line' id='line_1_12' title="bbox 447 1432 2605 1520; baseline -0 -21"><span class='ocrx_word' id='word_1_88' title='bbox 447 1436 556 1499; x_wconf 86' lang='grc' dir='ltr'><strong><em>καὶ</em></strong></span> <span class='ocrx_word' id='word_1_89' title='bbox 605 1432 920 1517; x_wconf 84' lang='grc' dir='ltr'><strong><em>ξυμπίνοι</em></strong></span> <span class='ocrx_word' id='word_1_90' title='bbox 975 1437 1070 1519; x_wconf 76' lang='grc' dir='ltr'><strong><em>τῷ</em></strong></span> <span class='ocrx_word' id='word_1_91' title='bbox 1114 1436 1262 1519; x_wconf 75' lang='grc' dir='ltr'><strong><em>θεῷ</em></strong></span> <span class='ocrx_word' id='word_1_92' title='bbox 1305 1435 1416 1498; x_wconf 87' lang='grc' dir='ltr'><strong><em>καὶ</em></strong></span> <span class='ocrx_word' id='word_1_93' title='bbox 1464 1432 1870 1518; x_wconf 84' lang='grc' dir='ltr'><strong><em>ξυγκωμάζοι</em></strong></span> <span class='ocrx_word' id='word_1_94' title='bbox 1914 1436 2023 1499; x_wconf 83' lang='grc' dir='ltr'><strong><em>καὶ</em></strong></span> <span class='ocrx_word' id='word_1_95' title='bbox 2066 1439 2415 1520; x_wconf 81' lang='grc' dir='ltr'><strong><em>κοινωνοίη</em></strong></span> <span class='ocrx_word' id='word_1_96' title='bbox 2459 1438 2605 1499; x_wconf 79' lang='grc' dir='ltr'><strong><em>τῶν</em></strong></span> 
     </span>
     <span class='ocr_line' id='line_1_13' title="bbox 450 1527 2603 1622; baseline -0 -20"><span class='ocrx_word' id='word_1_97' title='bbox 450 1535 808 1621; x_wconf 78' lang='grc' dir='ltr'><strong><em>ἐρωτικῶν·</em></strong></span> <span class='ocrx_word' id='word_1_98' title='bbox 869 1532 1080 1601; x_wconf 81' lang='grc' dir='ltr'><strong><em>ὁπότε</em></strong></span> <span class='ocrx_word' id='word_1_99' title='bbox 1136 1538 1290 1619; x_wconf 83' lang='grc' dir='ltr'><strong><em>γοῦν</em></strong></span> <span class='ocrx_word' id='word_1_100' title='bbox 1335 1527 1536 1600; x_wconf 84' lang='grc' dir='ltr'><strong><em>ἀπίοι</em></strong></span> <span class='ocrx_word' id='word_1_101' title='bbox 1582 1533 1769 1617; x_wconf 84' lang='grc' dir='ltr'><strong><em>παρὰ</em></strong></span> <span class='ocrx_word' id='word_1_102' title='bbox 1826 1533 1944 1622; x_wconf 87' lang='grc' dir='ltr'><strong><em>τὴν</em></strong></span> <span class='ocrx_word' id='word_1_103' title='bbox 1986 1530 2389 1622; x_wconf 83' lang='grc' dir='ltr'><strong><em>Ἀφροδίτην</em></strong></span> <span class='ocrx_word' id='word_1_104' title='bbox 2438 1562 2603 1618; x_wconf 92' lang='grc' dir='ltr'><strong><em>μοι-</em></strong></span> 
     </span>
     <span class='ocr_line' id='line_1_14' title="bbox 442 1632 2603 1725; baseline 0 -21"><span class='ocrx_word' id='word_1_105' title='bbox 442 1637 693 1720; x_wconf 88' lang='grc' dir='ltr'><strong><em>χεύσων</em></strong></span> <span class='ocrx_word' id='word_1_106' title='bbox 760 1633 808 1703; x_wconf 82' lang='grc' dir='ltr'><strong><em>ὃ·</em></strong></span> <span class='ocrx_word' id='word_1_107' title='bbox 841 1632 1074 1725; x_wconf 70' lang='grc' dir='ltr'><strong><em>Ἄρης,</em></strong></span> <span class='ocrx_word' id='word_1_108' title='bbox 1145 1635 1528 1722; x_wconf 73' lang='grc' dir='ltr'><strong><em>ἐπάγεσθαι</em></strong></span> <span class='ocrx_word' id='word_1_109' title='bbox 1593 1640 1704 1703; x_wconf 85' lang='grc' dir='ltr'><strong><em>καὶ</em></strong></span> <span class='ocrx_word' id='word_1_110' title='bbox 1770 1634 1889 1702; x_wconf 85' lang='grc' dir='ltr'><strong><em>τὸν</em></strong></span> <span class='ocrx_word' id='word_1_111' title='bbox 1942 1632 2413 1719; x_wconf 62' lang='grc' dir='ltr'><strong><em>εΑλεκτρυόνα,</em></strong></span> <span class='ocrx_word' id='word_1_112' title='bbox 2484 1642 2603 1705; x_wconf 82' lang='grc' dir='ltr'><strong><em>καὶ</em></strong></span> 
     </span>
     <span class='ocr_line' id='line_1_15' title="bbox 448 1732 2604 1827; baseline 0 -22"><span class='ocrx_word' id='word_1_113' title='bbox 448 1739 813 1827; x_wconf 70' lang='grc' dir='ltr'><strong><em>ἐπειδήπερ</em></strong></span> <span class='ocrx_word' id='word_1_114' title='bbox 879 1738 996 1804; x_wconf 85' lang='grc' dir='ltr'><strong><em>τὸν</em></strong></span> <span class='ocrx_word' id='word_1_115' title='bbox 1037 1732 1275 1805; x_wconf 60' lang='grc' dir='ltr'><strong><em>ι’Ἠλιον</em></strong></span> <span class='ocrx_word' id='word_1_116' title='bbox 1341 1738 1635 1822; x_wconf 80' lang='grc' dir='ltr'><strong><em>μάλιστα</em></strong></span> <span class='ocrx_word' id='word_1_117' title='bbox 1700 1734 2087 1825; x_wconf 78' lang='grc' dir='ltr'><strong><em>ὑφεωρᾶτο,</em></strong></span> <span class='ocrx_word' id='word_1_118' title='bbox 2154 1736 2243 1826; x_wconf 81' lang='grc' dir='ltr'><strong><em>μὴ</em></strong></span> <span class='ocrx_word' id='word_1_119' title='bbox 2302 1740 2604 1805; x_wconf 79' lang='grc' dir='ltr'><strong><em>κατιδών</em></strong></span> 
     </span>
     <span class='ocr_line' id='line_1_16' title="bbox 447 1833 2604 1928; baseline 0 -21"><span class='ocrx_word' id='word_1_120' title='bbox 447 1841 705 1919; x_wconf 77' lang='grc' dir='ltr'><strong><em>ἐξείποι</em></strong></span> <span class='ocrx_word' id='word_1_121' title='bbox 751 1839 922 1925; x_wconf 83' lang='grc' dir='ltr'><strong><em>πρὸς</em></strong></span> <span class='ocrx_word' id='word_1_122' title='bbox 964 1833 1498 1928; x_wconf 76' lang='grc' dir='ltr'><strong><em>τὸνἽ-Ιφαιστον,</em></strong></span> <span class='ocrx_word' id='word_1_123' title='bbox 1546 1839 1670 1918; x_wconf 68' lang='grc' dir='ltr'><strong><em>ἔξω</em></strong></span> <span class='ocrx_word' id='word_1_124' title='bbox 1714 1839 1888 1923; x_wconf 84' lang='grc' dir='ltr'><strong><em>πρὸς</em></strong></span> <span class='ocrx_word' id='word_1_125' title='bbox 1929 1854 2080 1918; x_wconf 88' lang='grc' dir='ltr'><strong><em>ταῖς</em></strong></span> <span class='ocrx_word' id='word_1_126' title='bbox 2121 1840 2371 1926; x_wconf 86' lang='grc' dir='ltr'><strong><em>θύραις</em></strong></span> <span class='ocrx_word' id='word_1_127' title='bbox 2416 1835 2604 1908; x_wconf 88' lang='grc' dir='ltr'><strong><em>ἀπο-</em></strong></span> 
     </span>
     <span class='ocr_line' id='line_1_17' title="bbox 447 1935 2595 2030; baseline 0.001 -23"><span class='ocrx_word' id='word_1_128' title='bbox 447 1946 702 2009; x_wconf 83' lang='grc' dir='ltr'><strong><em>λείπειν</em></strong></span> <span class='ocrx_word' id='word_1_129' title='bbox 771 1935 878 2009; x_wconf 86' lang='grc' dir='ltr'><strong><em>ἀεὶ</em></strong></span> <span class='ocrx_word' id='word_1_130' title='bbox 933 1941 1050 2009; x_wconf 84' lang='grc' dir='ltr'><strong><em>τὸν</em></strong></span> <span class='ocrx_word' id='word_1_131' title='bbox 1109 1948 1452 2009; x_wconf 86' lang='grc' dir='ltr'><strong><em>νεανίσκον</em></strong></span> <span class='ocrx_word' id='word_1_132' title='bbox 1516 1941 1894 2030; x_wconf 84' lang='grc' dir='ltr'><strong><em>μηνύσοντα</em></strong></span> <span class='ocrx_word' id='word_1_133' title='bbox 1962 1938 2173 2009; x_wconf 82' lang='grc' dir='ltr'><strong><em>ὁπότε</em></strong></span> <span class='ocrx_word' id='word_1_134' title='bbox 2232 1936 2499 2026; x_wconf 85' lang='grc' dir='ltr'><strong><em>ἀνίσχοι</em></strong></span> <span class='ocrx_word' id='word_1_135' title='bbox 2558 1941 2595 2009; x_wconf 80' lang='grc' dir='ltr'><em>ὃ</em></span> 
     </span>
     <span class='ocr_line' id='line_1_18' title="bbox 424 2038 2709 2134; baseline 0 -22"><span class='ocrx_word' id='word_1_136' title='bbox 424 2038 710 2124; x_wconf 53' lang='grc' dir='ltr'><strong><em>(Ἠλιος.,</em></strong></span> <span class='ocrx_word' id='word_1_137' title='bbox 767 2041 909 2111; x_wconf 80' lang='grc' dir='ltr'><strong><em>εἶτά</em></strong></span> <span class='ocrx_word' id='word_1_138' title='bbox 965 2069 1134 2110; x_wconf 90' lang='grc' dir='ltr'><strong><em>ποτε</em></strong></span> <span class='ocrx_word' id='word_1_139' title='bbox 1189 2048 1765 2134; x_wconf 73' lang='grc' dir='ltr'><strong><em>κατακοιμηθῆναι</em></strong></span> <span class='ocrx_word' id='word_1_140' title='bbox 1822 2046 1942 2128; x_wconf 82' lang='grc' dir='ltr'><strong><em>μὲν</em></strong></span> <span class='ocrx_word' id='word_1_141' title='bbox 1996 2042 2113 2111; x_wconf 86' lang='grc' dir='ltr'><strong><em>τὸν</em></strong></span> <span class='ocrx_word' id='word_1_142' title='bbox 2150 2039 2600 2131; x_wconf 77' lang='grc' dir='ltr'><strong><em>Ἀλεκτρυόνα</em></strong></span> <span class='ocrx_word' id='word_1_143' title='bbox 2620 2065 2709 2113; x_wconf 78' lang='lat'><strong><em>707</em></strong></span> 
     </span>
     <span class='ocr_line' id='line_1_19' title="bbox 441 2140 2595 2235; baseline 0.001 -23"><span class='ocrx_word' id='word_1_144' title='bbox 441 2151 552 2214; x_wconf 90' lang='grc' dir='ltr'><strong><em>καὶ</em></strong></span> <span class='ocrx_word' id='word_1_145' title='bbox 598 2146 968 2232; x_wconf 86' lang='grc' dir='ltr'><strong><em>προδοῦναι</em></strong></span> <span class='ocrx_word' id='word_1_146' title='bbox 1024 2146 1142 2235; x_wconf 90' lang='grc' dir='ltr'><strong><em>τὴν</em></strong></span> <span class='ocrx_word' id='word_1_147' title='bbox 1203 2146 1501 2234; x_wconf 83' lang='grc' dir='ltr'><strong><em>φρουρὰν</em></strong></span> <span class='ocrx_word' id='word_1_148' title='bbox 1562 2143 1838 2228; x_wconf 71' lang='grc' dir='ltr'><strong><em>ἄκοντα,</em></strong></span> <span class='ocrx_word' id='word_1_149' title='bbox 1898 2145 2015 2213; x_wconf 85' lang='grc' dir='ltr'><strong><em>τὸν</em></strong></span> <span class='ocrx_word' id='word_1_150' title='bbox 2072 2148 2143 2213; x_wconf 78' lang='grc' dir='ltr'><strong><em>δὲ</em></strong></span> <span class='ocrx_word' id='word_1_151' title='bbox 2170 2140 2409 2215; x_wconf 52' lang='grc' dir='ltr'><strong><em>(Ἠλιον</em></strong></span> <span class='ocrx_word' id='word_1_152' title='bbox 2472 2150 2595 2214; x_wconf 92' lang='grc' dir='ltr'><strong><em>λα-</em></strong></span> 
     </span>
     <span class='ocr_line' id='line_1_20' title="bbox 443 2242 2593 2336; baseline 0.002 -22"><span class='ocrx_word' id='word_1_153' title='bbox 443 2248 660 2315; x_wconf 89' lang='grc' dir='ltr'><strong><em>θόντα</em></strong></span> <span class='ocrx_word' id='word_1_154' title='bbox 718 2247 1073 2333; x_wconf 76' lang='grc' dir='ltr'><strong><em>ἐπιστῆναι</em></strong></span> <span class='ocrx_word' id='word_1_155' title='bbox 1130 2252 1211 2335; x_wconf 86' lang='grc' dir='ltr'><strong><em>τῇ</em></strong></span> <span class='ocrx_word' id='word_1_156' title='bbox 1259 2242 1625 2336; x_wconf 77' lang='grc' dir='ltr'><strong><em>Ἀφροδίτῃ</em></strong></span> <span class='ocrx_word' id='word_1_157' title='bbox 1684 2253 1795 2316; x_wconf 88' lang='grc' dir='ltr'><strong><em>καὶ</em></strong></span> <span class='ocrx_word' id='word_1_158' title='bbox 1852 2253 1949 2336; x_wconf 76' lang='grc' dir='ltr'><strong><em>τῷ</em></strong></span> <span class='ocrx_word' id='word_1_159' title='bbox 1980 2245 2173 2333; x_wconf 79' lang='grc' dir='ltr'><strong><em>’Ἁρει</em></strong></span> <span class='ocrx_word' id='word_1_160' title='bbox 2228 2243 2593 2336; x_wconf 84' lang='grc' dir='ltr'><strong><em>ἀφρόντιδι</em></strong></span> 
     </span>
     <span class='ocr_line' id='line_1_21' title="bbox 443 2345 2589 2441; baseline 0.001 -24"><span class='ocrx_word' id='word_1_161' title='bbox 443 2346 932 2437; x_wconf 80' lang='grc' dir='ltr'><strong><em>ἀναπαυομένῳ</em></strong></span> <span class='ocrx_word' id='word_1_162' title='bbox 993 2348 1105 2417; x_wconf 81' lang='grc' dir='ltr'><strong><em>διὰ</em></strong></span> <span class='ocrx_word' id='word_1_163' title='bbox 1150 2350 1224 2416; x_wconf 84' lang='grc' dir='ltr'><strong><em>τὸ</em></strong></span> <span class='ocrx_word' id='word_1_164' title='bbox 1274 2350 1617 2417; x_wconf 84' lang='grc' dir='ltr'><strong><em>πιστεύειν</em></strong></span> <span class='ocrx_word' id='word_1_165' title='bbox 1659 2350 1777 2418; x_wconf 87' lang='grc' dir='ltr'><strong><em>τὸν</em></strong></span> <span class='ocrx_word' id='word_1_166' title='bbox 1812 2345 2250 2437; x_wconf 76' lang='grc' dir='ltr'><strong><em>Ἀλεκτρυόνα</em></strong></span> <span class='ocrx_word' id='word_1_167' title='bbox 2295 2356 2589 2441; x_wconf 85' lang='grc' dir='ltr'><strong><em>μηνῦσαι</em></strong></span> 
     </span>
     <span class='ocr_line' id='line_1_22' title="bbox 442 2444 2592 2540; baseline 0.001 -21"><span class='ocrx_word' id='word_1_168' title='bbox 442 2450 540 2534; x_wconf 71' lang='grc' dir='ltr'><strong><em>ι’ίν,</em></strong></span> <span class='ocrx_word' id='word_1_169' title='bbox 590 2453 654 2519; x_wconf 77' lang='grc' dir='ltr'><strong><em>εἰ’</em></strong></span> <span class='ocrx_word' id='word_1_170' title='bbox 679 2478 782 2531; x_wconf 90' lang='grc' dir='ltr'><strong><em>τις</em></strong></span> <span class='ocrx_word' id='word_1_171' title='bbox 813 2452 1029 2519; x_wconf 86' lang='grc' dir='ltr'><strong><em>ἐπίοι·</em></strong></span> <span class='ocrx_word' id='word_1_172' title='bbox 1075 2455 1185 2518; x_wconf 84' lang='grc' dir='ltr'><strong><em>καὶ</em></strong></span> <span class='ocrx_word' id='word_1_173' title='bbox 1220 2444 1393 2518; x_wconf 74' lang='grc' dir='ltr'><strong><em>οῧτω</em></strong></span> <span class='ocrx_word' id='word_1_174' title='bbox 1438 2445 1957 2540; x_wconf 45' lang='grc' dir='ltr'><strong><em>τὸντΉφαιστον,</em></strong></span> <span class='ocrx_word' id='word_1_175' title='bbox 1992 2448 2147 2536; x_wconf 79' lang='grc' dir='ltr'><strong><em>παρ’</em></strong></span> <span class='ocrx_word' id='word_1_176' title='bbox 2183 2450 2409 2521; x_wconf 87' lang='grc' dir='ltr'><strong><em>Ἡλίου</em></strong></span> <span class='ocrx_word' id='word_1_177' title='bbox 2452 2482 2592 2538; x_wconf 86' lang='grc' dir='ltr'><strong><em>μα·-</em></strong></span> 
     </span>
     <span class='ocr_line' id='line_1_23' title="bbox 438 2547 2590 2645; baseline 0.001 -24"><span class='ocrx_word' id='word_1_178' title='bbox 438 2556 654 2623; x_wconf 91' lang='grc' dir='ltr'><strong><em>θόντα</em></strong></span> <span class='ocrx_word' id='word_1_179' title='bbox 715 2557 1065 2638; x_wconf 83' lang='grc' dir='ltr'><strong><em>συλλαβεῖν</em></strong></span> <span class='ocrx_word' id='word_1_180' title='bbox 1127 2547 1365 2632; x_wconf 76' lang='grc' dir='ltr'><strong><em>αύτούς</em></strong></span> <span class='ocrx_word' id='word_1_181' title='bbox 1421 2556 1875 2638; x_wconf 83' lang='grc' dir='ltr'><strong><em>περιβαλόντα</em></strong></span> <span class='ocrx_word' id='word_1_182' title='bbox 1929 2559 2039 2622; x_wconf 83' lang='grc' dir='ltr'><strong><em>καὶ</em></strong></span> <span class='ocrx_word' id='word_1_183' title='bbox 2086 2556 2590 2645; x_wconf 84' lang='grc' dir='ltr'><strong><em>σαγηνεύσαντα</em></strong></span> 
     </span>
     <span class='ocr_line' id='line_1_24' title="bbox 437 2651 2590 2745; baseline 0 -20"><span class='ocrx_word' id='word_1_184' title='bbox 437 2672 579 2736; x_wconf 91' lang='grc' dir='ltr'><strong><em>τοῖς</em></strong></span> <span class='ocrx_word' id='word_1_185' title='bbox 625 2659 925 2741; x_wconf 77' lang='grc' dir='ltr'><strong><em>δεσμοῖς,</em></strong></span> <span class='ocrx_word' id='word_1_186' title='bbox 986 2654 1028 2722; x_wconf 78' lang='grc' dir='ltr'><em>ἃ</em></span> <span class='ocrx_word' id='word_1_187' title='bbox 1076 2656 1293 2723; x_wconf 84' lang='grc' dir='ltr'><strong><em>πάλαι</em></strong></span> <span class='ocrx_word' id='word_1_188' title='bbox 1349 2662 1685 2744; x_wconf 89' lang='grc' dir='ltr'><strong><em>πεποίητο</em></strong></span> <span class='ocrx_word' id='word_1_189' title='bbox 1746 2651 1847 2722; x_wconf 76' lang='grc' dir='ltr'><strong><em>ἐπ’</em></strong></span> <span class='ocrx_word' id='word_1_190' title='bbox 1901 2651 2171 2735; x_wconf 79' lang='grc' dir='ltr'><strong><em>αύτούς·</em></strong></span> <span class='ocrx_word' id='word_1_191' title='bbox 2232 2654 2590 2745; x_wconf 76' lang='grc' dir='ltr'><strong><em>ἀφεθέντα</em></strong></span> 
     </span>
     <span class='ocr_line' id='line_1_25' title="bbox 439 2753 2587 2847; baseline 0.001 -22"><span class='ocrx_word' id='word_1_192' title='bbox 439 2760 510 2826; x_wconf 81' lang='grc' dir='ltr'><strong><em>δὲ</em></strong></span> <span class='ocrx_word' id='word_1_193' title='bbox 570 2757 659 2837; x_wconf 81' lang='grc' dir='ltr'><strong><em>ὥς</em></strong></span> <span class='ocrx_word' id='word_1_194' title='bbox 716 2753 973 2846; x_wconf 87' lang='grc' dir='ltr'><strong><em>ἀφείθη</em></strong></span> <span class='ocrx_word' id='word_1_195' title='bbox 1041 2756 1161 2824; x_wconf 82' lang='grc' dir='ltr'><strong><em>τὸν</em></strong></span> <span class='ocrx_word' id='word_1_196' title='bbox 1202 2754 1367 2845; x_wconf 77' lang='grc' dir='ltr'><strong><em>’Ἀρη</em></strong></span> <span class='ocrx_word' id='word_1_197' title='bbox 1437 2753 1890 2847; x_wconf 85' lang='grc' dir='ltr'><strong><em>ἀγανακτῆσαι</em></strong></span> <span class='ocrx_word' id='word_1_198' title='bbox 1953 2758 2121 2825; x_wconf 83' lang='grc' dir='ltr'><strong><em>κατὰ</em></strong></span> <span class='ocrx_word' id='word_1_199' title='bbox 2184 2764 2306 2827; x_wconf 85' lang='grc' dir='ltr'><strong><em>τοῦ</em></strong></span> <span class='ocrx_word' id='word_1_200' title='bbox 2353 2755 2587 2827; x_wconf 78' lang='grc' dir='ltr'><strong><em>Ἀλεκ-</em></strong></span> 
     </span>
     <span class='ocr_line' id='line_1_26' title="bbox 433 2857 2589 2946; baseline 0.002 -20"><span class='ocrx_word' id='word_1_201' title='bbox 433 2861 708 2946; x_wconf 89' lang='grc' dir='ltr'><strong><em>τρυόνος</em></strong></span> <span class='ocrx_word' id='word_1_202' title='bbox 750 2863 862 2927; x_wconf 84' lang='grc' dir='ltr'><strong><em>καὶ</em></strong></span> <span class='ocrx_word' id='word_1_203' title='bbox 905 2860 1301 2943; x_wconf 79' lang='grc' dir='ltr'><strong><em>μεταβαλεῖν</em></strong></span> <span class='ocrx_word' id='word_1_204' title='bbox 1361 2857 1561 2926; x_wconf 79' lang='grc' dir='ltr'><strong><em>αὐτὸν</em></strong></span> <span class='ocrx_word' id='word_1_205' title='bbox 1605 2859 1672 2937; x_wconf 85' lang='grc' dir='ltr'><strong><em>ἐς</em></strong></span> <span class='ocrx_word' id='word_1_206' title='bbox 1713 2863 1896 2926; x_wconf 81' lang='grc' dir='ltr'><strong><em>τουτὶ</em></strong></span> <span class='ocrx_word' id='word_1_207' title='bbox 1954 2859 2028 2927; x_wconf 85' lang='grc' dir='ltr'><strong><em>τὸ</em></strong></span> <span class='ocrx_word' id='word_1_208' title='bbox 2077 2857 2307 2944; x_wconf 78' lang='grc' dir='ltr'><strong><em>ὄρνεον</em></strong></span> <span class='ocrx_word' id='word_1_209' title='bbox 2353 2857 2589 2942; x_wconf 73' lang='grc' dir='ltr'><strong><em>αὐτοῖς</em></strong></span> 
     </span>
     <span class='ocr_line' id='line_1_27' title="bbox 434 2956 2587 3050; baseline 0.001 -20"><span class='ocrx_word' id='word_1_210' title='bbox 434 2956 706 3042; x_wconf 75' lang='grc' dir='ltr'><strong><em>ὅπλοις,</em></strong></span> <span class='ocrx_word' id='word_1_211' title='bbox 767 2957 858 3039; x_wconf 79' lang='grc' dir='ltr'><strong><em>ὥς</em></strong></span> <span class='ocrx_word' id='word_1_212' title='bbox 903 2960 1001 3027; x_wconf 71' lang='grc' dir='ltr'><strong><em>ἔτι</em></strong></span> <span class='ocrx_word' id='word_1_213' title='bbox 1043 2965 1159 3049; x_wconf 84' lang='grc' dir='ltr'><strong><em>τῆς</em></strong></span> <span class='ocrx_word' id='word_1_214' title='bbox 1201 2961 1496 3046; x_wconf 92' lang='grc' dir='ltr'><strong><em>κόρυθος</em></strong></span> <span class='ocrx_word' id='word_1_215' title='bbox 1549 2961 1667 3029; x_wconf 85' lang='grc' dir='ltr'><strong><em>τὸν</em></strong></span> <span class='ocrx_word' id='word_1_216' title='bbox 1713 2962 1925 3050; x_wconf 90' lang='grc' dir='ltr'><strong><em>λόφον</em></strong></span> <span class='ocrx_word' id='word_1_217' title='bbox 1969 2962 2137 3045; x_wconf 67' lang='grc' dir='ltr'><strong><em>ἔχειν</em></strong></span> <span class='ocrx_word' id='word_1_218' title='bbox 2184 2960 2297 3029; x_wconf 78' lang='grc' dir='ltr'><strong><em>ἐπὶ</em></strong></span> <span class='ocrx_word' id='word_1_219' title='bbox 2346 2969 2428 3050; x_wconf 84' lang='grc' dir='ltr'><strong><em>τῇ</em></strong></span> <span class='ocrx_word' id='word_1_220' title='bbox 2474 2992 2587 3033; x_wconf 86' lang='grc' dir='ltr'><strong><em>κε-</em></strong></span> 
     </span>
     <span class='ocr_line' id='line_1_28' title="bbox 435 3058 2583 3152; baseline 0.003 -24"><span class='ocrx_word' id='word_1_221' title='bbox 435 3066 647 3151; x_wconf 84' lang='grc' dir='ltr'><strong><em>φαλῇ,</em></strong></span> <span class='ocrx_word' id='word_1_222' title='bbox 713 3066 825 3129; x_wconf 90' lang='grc' dir='ltr'><strong><em>καὶ</em></strong></span> <span class='ocrx_word' id='word_1_223' title='bbox 893 3061 1004 3129; x_wconf 81' lang='grc' dir='ltr'><strong><em>διὰ</em></strong></span> <span class='ocrx_word' id='word_1_224' title='bbox 1069 3069 1265 3129; x_wconf 85' lang='grc' dir='ltr'><strong><em>τοῦτο</em></strong></span> <span class='ocrx_word' id='word_1_225' title='bbox 1331 3058 1505 3145; x_wconf 73' lang='grc' dir='ltr'><strong><em>ὑμᾶς</em></strong></span> <span class='ocrx_word' id='word_1_226' title='bbox 1572 3060 2151 3150; x_wconf 78' lang='grc' dir='ltr'><strong><em>ἀπολογουμένους</em></strong></span> <span class='ocrx_word' id='word_1_227' title='bbox 2214 3070 2312 3152; x_wconf 73' lang='grc' dir='ltr'><strong><em>τῷ</em></strong></span> <span class='ocrx_word' id='word_1_228' title='bbox 2362 3062 2583 3152; x_wconf 51' lang='lat' dir='ltr'><strong><em>upa,</em></strong></span> 
     </span>
     <span class='ocr_line' id='line_1_29' title="bbox 434 3159 2586 3254; baseline 0.001 -22"><span class='ocrx_word' id='word_1_229' title='bbox 434 3159 525 3232; x_wconf 74' lang='grc' dir='ltr'><strong><em>ὅτ’</em></strong></span> <span class='ocrx_word' id='word_1_230' title='bbox 579 3165 769 3232; x_wconf 82' lang='grc' dir='ltr'><strong><em>οὐδὲν</em></strong></span> <span class='ocrx_word' id='word_1_231' title='bbox 824 3160 1099 3253; x_wconf 82' lang='grc' dir='ltr'><strong><em>ὄφελος,</em></strong></span> <span class='ocrx_word' id='word_1_232' title='bbox 1161 3164 1438 3232; x_wconf 82' lang='grc' dir='ltr'><strong><em>ἐπειδὰν</em></strong></span> <span class='ocrx_word' id='word_1_233' title='bbox 1496 3166 1846 3254; x_wconf 79' lang='grc' dir='ltr'><strong><em>αἴσθησθε</em></strong></span> <span class='ocrx_word' id='word_1_234' title='bbox 1890 3161 2405 3251; x_wconf 74' lang='grc' dir='ltr'><strong><em>ἀνελευσόμενον</em></strong></span> <span class='ocrx_word' id='word_1_235' title='bbox 2460 3170 2586 3236; x_wconf 86' lang='grc' dir='ltr'><strong><em>τὸν</em></strong></span> 
     </span>
     <span class='ocr_line' id='line_1_30' title="bbox 434 3261 2583 3356; baseline 0.002 -24"><span class='ocrx_word' id='word_1_236' title='bbox 434 3261 652 3356; x_wconf 76' lang='grc' dir='ltr'><strong><em>ἥλιον,</em></strong></span> <span class='ocrx_word' id='word_1_237' title='bbox 721 3266 852 3351; x_wconf 85' lang='grc' dir='ltr'><strong><em>πρὸ</em></strong></span> <span class='ocrx_word' id='word_1_238' title='bbox 913 3267 1169 3332; x_wconf 85' lang='grc' dir='ltr'><strong><em>πολλοῦ</em></strong></span> <span class='ocrx_word' id='word_1_239' title='bbox 1233 3270 1400 3351; x_wconf 80' lang='grc' dir='ltr'><strong><em>βοᾶν</em></strong></span> <span class='ocrx_word' id='word_1_240' title='bbox 1459 3265 2101 3354; x_wconf 85' lang='grc' dir='ltr'><strong><em>ἐπισημαινομένους</em></strong></span> <span class='ocrx_word' id='word_1_241' title='bbox 2154 3268 2274 3355; x_wconf 83' lang='grc' dir='ltr'><strong><em>τὴν</em></strong></span> <span class='ocrx_word' id='word_1_242' title='bbox 2334 3263 2583 3338; x_wconf 83' lang='grc' dir='ltr'><strong><em>ἀνατο-</em></strong></span> 
     </span>
     <span class='ocr_line' id='line_1_31' title="bbox 436 3362 819 3457; baseline -0.008 -21"><span class='ocrx_word' id='word_1_243' title='bbox 436 3368 554 3457; x_wconf 85' lang='grc' dir='ltr'><strong><em>λὴν</em></strong></span> <span class='ocrx_word' id='word_1_244' title='bbox 600 3362 819 3435; x_wconf 75' lang='grc' dir='ltr'><strong><em>αὐτοῦ.</em></strong></span> 
     </span>
    </p>

    <p class='ocr_par' dir='ltr' id='par_1_5' title="bbox 332 3459 2579 3761">
     <span class='ocr_line' id='line_1_32' title="bbox 332 3459 2575 3555; baseline 0.002 -18"><span class='ocrx_word' id='word_1_245' title='bbox 332 3467 404 3521; x_wconf 74' lang='grc'><strong><em>’4</em></strong></span> <span class='ocrx_word' id='word_1_246' title='bbox 608 3479 667 3538; x_wconf 91' lang='grc'><strong><em>4.</em></strong></span> <span class='ocrx_word' id='word_1_247' title='bbox 712 3475 1006 3538; x_wconf 86' lang='grc' dir='ltr'><em>ΑΛΕΚ.</em></span> <span class='ocrx_word' id='word_1_248' title='bbox 1100 3474 1281 3538; x_wconf 82' lang='grc' dir='ltr'><strong><em>Φασὶ</em></strong></span> <span class='ocrx_word' id='word_1_249' title='bbox 1326 3472 1446 3555; x_wconf 82' lang='grc' dir='ltr'><strong><em>μὲν</em></strong></span> <span class='ocrx_word' id='word_1_250' title='bbox 1491 3475 1598 3538; x_wconf 81' lang='grc' dir='ltr'><strong><em>καὶ</em></strong></span> <span class='ocrx_word' id='word_1_251' title='bbox 1647 3476 1886 3554; x_wconf 84' lang='grc' dir='ltr'><strong><em>ταῦτα,</em></strong></span> <span class='ocrx_word' id='word_1_252' title='bbox 1935 3459 1991 3538; x_wconf 71' lang='grc' dir='ltr'><em>ὦ</em></span> <span class='ocrx_word' id='word_1_253' title='bbox 2034 3473 2324 3554; x_wconf 89' lang='grc' dir='ltr'><strong><em>Μικύλε,</em></strong></span> <span class='ocrx_word' id='word_1_254' title='bbox 2386 3474 2461 3540; x_wconf 88' lang='grc' dir='ltr'><strong><em>τὸ</em></strong></span> <span class='ocrx_word' id='word_1_255' title='bbox 2517 3470 2575 3541; x_wconf 74' lang='grc' dir='ltr'><strong><em>δ’</em></strong></span> 
     </span>
     <span class='ocr_line' id='line_1_33' title="bbox 436 3568 2579 3661; baseline 0.001 -20"><span class='ocrx_word' id='word_1_256' title='bbox 436 3572 593 3658; x_wconf 85' lang='grc' dir='ltr'><strong><em>ἐμὸν</em></strong></span> <span class='ocrx_word' id='word_1_257' title='bbox 637 3572 930 3659; x_wconf 78' lang='grc' dir='ltr'><strong><em>ἑτεροῖόν</em></strong></span> <span class='ocrx_word' id='word_1_258' title='bbox 973 3598 1040 3639; x_wconf 92' lang='grc' dir='ltr'><strong><em>τι</em></strong></span> <span class='ocrx_word' id='word_1_259' title='bbox 1069 3578 1294 3658; x_wconf 89' lang='grc' dir='ltr'><strong><em>γέγονε</em></strong></span> <span class='ocrx_word' id='word_1_260' title='bbox 1335 3576 1447 3640; x_wconf 87' lang='grc' dir='ltr'><strong><em>καὶ</em></strong></span> <span class='ocrx_word' id='word_1_261' title='bbox 1494 3573 1670 3639; x_wconf 86' lang='grc' dir='ltr'><strong><em>πάνυ</em></strong></span> <span class='ocrx_word' id='word_1_262' title='bbox 1716 3573 1985 3661; x_wconf 72' lang='grc' dir='ltr'><strong><em>ἔναγχος</em></strong></span> <span class='ocrx_word' id='word_1_263' title='bbox 2031 3574 2127 3651; x_wconf 79' lang='grc' dir='ltr'><strong><em>εἰς</em></strong></span> <span class='ocrx_word' id='word_1_264' title='bbox 2170 3568 2579 3661; x_wconf 88' lang='grc' dir='ltr'><strong><em>ἀλεκτρυόνα</em></strong></span> 
     </span>
     <span class='ocr_line' id='line_1_34' title="bbox 433 3672 1021 3761; baseline -0.002 -19"><span class='ocrx_word' id='word_1_265' title='bbox 433 3699 542 3743; x_wconf 93' lang='grc' dir='ltr'><strong><em>σοι</em></strong></span> <span class='ocrx_word' id='word_1_266' title='bbox 585 3672 1021 3761; x_wconf 83' lang='grc' dir='ltr'><strong><em>μεταβέβηκα.</em></strong></span> 
     </span>
    </p>

    <p class='ocr_par' dir='ltr' id='par_1_6' title="bbox 599 3776 2414 3864">
     <span class='ocr_line' id='line_1_35' title="bbox 599 3776 2414 3864; baseline 0.001 -20"><span class='ocrx_word' id='word_1_267' title='bbox 599 3784 801 3844; x_wconf 87' lang='grc' dir='ltr'><strong><em>ΜΙΚ.</em></strong></span> <span class='ocrx_word' id='word_1_268' title='bbox 890 3780 1086 3860; x_wconf 79' lang='grc' dir='ltr'><strong><em>Πῶς,·</em></strong></span> <span class='ocrx_word' id='word_1_269' title='bbox 1131 3776 1349 3843; x_wconf 85' lang='grc' dir='ltr'><strong><em>ἐθέλω</em></strong></span> <span class='ocrx_word' id='word_1_270' title='bbox 1394 3776 1518 3864; x_wconf 84' lang='grc' dir='ltr'><strong><em>γὰρ</em></strong></span> <span class='ocrx_word' id='word_1_271' title='bbox 1564 3782 1759 3846; x_wconf 83' lang='grc' dir='ltr'><strong><em>τοῦτο</em></strong></span> <span class='ocrx_word' id='word_1_272' title='bbox 1805 3778 2099 3862; x_wconf 84' lang='grc' dir='ltr'><strong><em>μάλιστα</em></strong></span> <span class='ocrx_word' id='word_1_273' title='bbox 2145 3778 2414 3846; x_wconf 81' lang='grc' dir='ltr'><strong><em>εἰδέναι.</em></strong></span> 
     </span>
    </p>

    <p class='ocr_par' dir='ltr' id='par_1_7' title="bbox 429 3874 2581 4069">
     <span class='ocr_line' id='line_1_36' title="bbox 597 3874 2581 3972; baseline 0.003 -26"><span class='ocrx_word' id='word_1_274' title='bbox 597 3883 890 3947; x_wconf 86' lang='grc' dir='ltr'><em>ΑΛΕΚ.</em></span> <span class='ocrx_word' id='word_1_275' title='bbox 981 3877 1193 3947; x_wconf 83' lang='grc' dir='ltr'><strong><em>οἶσθα</em></strong></span> <span class='ocrx_word' id='word_1_276' title='bbox 1251 3874 1381 3964; x_wconf 67' lang='grc' dir='ltr'><strong><em>ἄρα</em></strong></span> <span class='ocrx_word' id='word_1_277' title='bbox 1434 3880 1551 3947; x_wconf 83' lang='grc' dir='ltr'><strong><em>τὸν</em></strong></span> <span class='ocrx_word' id='word_1_278' title='bbox 1596 3881 2013 3968; x_wconf 87' lang='grc' dir='ltr'><strong><em>Πυθαγόραν</em></strong></span> <span class='ocrx_word' id='word_1_279' title='bbox 2070 3880 2581 3972; x_wconf 85' lang='grc' dir='ltr'><strong><em>[Μνησαρχίδην</em></strong></span> 
     </span>
     <span class='ocr_line' id='line_1_37' title="bbox 429 3976 724 4069; baseline 0.007 -22"><span class='ocrx_word' id='word_1_280' title='bbox 429 3976 724 4069; x_wconf 81' lang='grc' dir='ltr'><strong><em>Σάμιον].</em></strong></span> 
     </span>
    </p>
   </div>
  </div>
 </body>
</html>
