2750 4534
427 273 509 333 80
1327 271 1702 325 ΔΟΥΚΙΔΝΟΥ

429 449 618 511 σθω·
677 442 839 530 ῥᾷον
891 439 1017 528 γὰρ
1063 438 1277 518 οὕτως
1321 435 1651 526 προσάξει
1694 442 2160 524 Βοσπορανῶν
2215 438 2372 517 τοὺς
2416 441 2603 506 πολ-

429 543 584 622 λοὺς
631 543 900 622 ἰδόντας
942 541 1062 630 τὴν
1099 541 1537 628 Λευκάνορος
1579 546 1943 628 θυγατέρα.
2020 539 2145 628 ἐγῶ
2193 541 2267 608 δὲ
2302 534 2603 618 Ἀλανός

427 651 502 713 τέ
559 645 697 730 εἰμι
759 648 869 713 καὶ
929 652 1008 733 τῇ
1069 644 1270 712 παιδὶ
1335 643 1540 732 ταύτῃ
1601 643 1912 732 συγγενὴς
1968 643 2343 732 μητρόθεν·
2407 636 2595 730 παρ’

427 746 617 837 ἡμῶν
671 746 798 836 γὰρ
860 733 1066 815 οὖσαν
1120 744 1240 836 τὴν
1297 747 1699 834 Μάστειραν
1759 739 2037 835 ἠγάγετο
2095 741 2131 813 ὅ
2178 744 2599 832 Λευκάνωρ·

430 853 542 917 καὶ
609 854 721 917 νῦν
789 873 895 917 σοι
963 842 1100 937 ἥκω
1167 850 1356 935 παρὰ
1422 851 1556 914 τῶν
1615 853 2018 933 Μαστείρας
2084 841 2392 934 ἀδελφῶν
2458 852 2602 914 τῶν

432 951 500 1019 ἐν
553 951 834 1039 Ἀλανίᾳ
891 951 1526 1036 παρακελευομένων
1592 943 1700 1018 ὅτι
1753 950 2037 1033 τάχιστα
2104 949 2399 1017 ἐλαύνειν
2478 950 2600 1017 ἐπὶ

430 1054 548 1121 τὸν
592 1054 953 1137 Βόσπορον
997 1056 1109 1120 καὶ
1154 1051 1242 1142 μὴ
1292 1052 1624 1138 περιιδεῖν
1668 1049 1765 1130 εἰς
1810 1045 2135 1136 Εὐβίοτον
2178 1053 2603 1135 περιελθοῦ-

433 1178 558 1223 σαν
613 1154 733 1239 τὴν
791 1149 1023 1242 ἀρχήν,
1084 1153 1160 1232 ὃς
1206 1148 1504 1241 ἀδελφὸς
1560 1143 1654 1220 ὢν
1698 1153 1909 1231 νόθος
1950 1152 2381 1238 Λευκάνορος
2424 1154 2605 1219 Σκύ-

431 1262 598 1334 θαις
642 1257 764 1341 μὲν
810 1249 913 1323 ἆεὶ
962 1258 1162 1344 φίλος
1206 1254 1409 1336 ἐστίν,
1448 1251 1756 1332 Ἀλανοῖς
1799 1254 1871 1321 δὲ
1910 1247 2305 1339 ἀπέχθεται.
2374 1258 2605 1322 ταῦτα

434 1359 506 1426 δὲ
566 1359 783 1445 ἔλεγεν
845 1354 880 1426 ὅ
945 1363 1306 1446 Μακέντης
1364 1353 1727 1442 ὁμόσκευος
1790 1359 1905 1424 καὶ
1960 1350 2380 1443 ὁμόγλωττος
2446 1371 2605 1436 τοῖς

425 1455 738 1539 Ἀλανοῖς
803 1456 926 1527 ὤν·
1001 1459 1190 1528 κοινὰ
1257 1458 1385 1546 γὰρ
1446 1463 1657 1526 ταῦτα
1715 1453 2026 1538 Ἀλανοῖς
2090 1463 2201 1526 καὶ
2266 1457 2601 1540 Σκύθαις,

433 1557 680 1653 πλὴνε
654 1559 761 1632 ότι
808 1557 884 1630 οὗ
931 1562 1111 1630 πάνυ
1155 1566 1453 1646 κομῶσιν
1496 1563 1563 1628 οἱ
1599 1555 1874 1628 Ἀλανοὶ
1920 1559 2153 1646 ὥσπερ
2197 1587 2265 1628 οι
2301 1559 2601 1628 Σκύθαι.

435 1660 605 1732 ἀλλὰ
652 1663 686 1733 ὃ
723 1672 1081 1788 Μακέντης
1123 1667 1233 1732 καὶ
1265 1667 1463 1730 τοῦτο
1496 1663 1763 1731 είκαστο
1796 1664 2025 1742 αὐτοῖς
2068 1666 2180 1730 καὶ
2212 1657 2605 1747 αποκεκάρ-

433 1793 531 1836 κει
576 1772 692 1854 τῆς
737 1768 942 1855 κόμης
997 1763 1257 1834 ὁπόσον
1303 1765 1481 1844 εἰκὸς
1532 1792 1615 1855 ην
1660 1765 1934 1833 έλαττον
1975 1772 2187 1850 κομᾶν
2230 1765 2347 1832 τὸν
2381 1759 2605 1832 Ἀλα-

436 1870 550 1937 νὸν
591 1876 710 1936 τοῦ
755 1868 1054 1935 Σκύθου·
1115 1861 1284 1936 ὥστε
1329 1866 1717 1936 ἐπιστεύετο
1780 1866 1896 1935 διὰ
1938 1871 2151 1935 ταῦτα
2197 1872 2605 1954 Μαστείρος

333 1990 408 2047 52
434 1976 543 2041 καὶ
576 1971 898 2052 Μαζαίας
945 1970 1254 2097 συγγενὴς
1298 1967 1490 2038 εἶναι.
1563 1975 1665 2038 52.
1714 1974 1850 2038 Καὶ
1894 1973 2026 2051 νῦν,
2074 1969 2223 2058 ἔφη,
2268 1995 2321 2035 ω
2346 1963 2603 2054 Ἀδύρ-

433 2099 632 2159 μαχε,
692 2072 988 2140 ἐλαύνειν
1048 2072 1315 2156 έτοιμος
1373 2066 1515 2157 άμα
1571 2095 1680 2140 σοι
1734 2070 1849 2139 ἐπὶ
1892 2070 2012 2139 τὸν
2056 2071 2449 2156 Βόσπορον,
2517 2063 2602 2158 ἢν

437 2176 704 2264 εθέλῃς,
746 2180 967 2258 μένειν
1011 2199 1116 2256 τε,
1164 2174 1223 2242 εἰ
1269 2175 1445 2255 δέοι,
1491 2177 1603 2241 καὶ
1646 2173 1766 2262 τὴν
1810 2174 2027 2241 παῖδα
2072 2197 2275 2260 αγειν.
2355 2177 2601 2294 T'ofivo,

436 2279 596 2367 ἔφη,
639 2281 751 2346 καὶ
795 2280 1068 2361 μᾶλλον,
1113 2273 1148 2344 ὅ
1190 2271 1636 2362 Ἀδύρμαχος,
1685 2269 2087 2363 ἐθελήσαιμ’
2141 2271 2252 2356 άν,
2299 2269 2427 2361 ἀφ’
2486 2275 2603 2342 αι’-

435 2405 647 2464 ματος
691 2375 853 2448 ὄντα
899 2404 974 2447 σε
1004 2379 1326 2460 Μαζαίαν
1371 2375 1576 2464 ἄγειν.
1648 2368 1730 2466 ἢν
1757 2379 1881 2463 μὲν
1922 2378 2049 2464 γὰρ
2095 2370 2235 2461 ἅμα
2279 2374 2436 2464 ἡμῖν
2482 2378 2701 2465 {ys-5⁵8

439 2483 552 2551 ἐπὶ
601 2481 718 2551 τὸν
763 2483 1156 2570 Βόσπορον,
1217 2483 1421 2550 ἱππεῖ
1464 2481 1564 2548 ἑνὶ
1607 2483 1886 2559 πλείους
1944 2470 2027 2548 ἂν
2068 2485 2469 2567 γενοίμεθα·
2540 2481 2601 2547 εἰ

439 2587 512 2653 δέ
553 2613 672 2671 μοι
716 2613 834 2673 την
865 2599 1139 2672 γυναῖκα
1187 2581 1394 2670 άγοις,
1444 2578 1592 2652 ἀντὶ
1638 2584 1907 2652 πολλῶν
1954 2610 2034 2650 αν
2062 2587 2305 2669 γένοιο.
2378 2585 2599 2650 ταῦτα

437 2688 719 2774 ἐγίνετο·
763 2691 876 2754 καὶ
922 2683 957 2755 ὅ
991 2688 1112 2771 μὲν
1145 2682 1490 2772 ἀπήλαυνε
1525 2685 1874 2771 παραδοὺς
1916 2689 2013 2772 τῷ
2041 2689 2357 2771 Μακέντῃ
2406 2679 2596 2769 α’γειν

435 2791 554 2878 τὴν
598 2789 920 2869 Μαζαίαν
966 2793 1315 2871 παρθένον
1361 2786 1462 2855 ε’τι
1509 2809 1734 2853 ουσαν.
1808 2783 1843 2854 ὃ
1894 2787 1968 2853 δὲ
2011 2783 2260 2875 ἡμέρας
2302 2785 2425 2868 μὲν
2474 2785 2595 2852 επὶ

435 2897 552 2979 τῆς
597 2889 855 2980 ἁμάξης
910 2875 1062 2976 ἦγεν
1109 2883 1346 2974 αὐτήν,
1410 2887 1561 2956 ἐπεὶ
1608 2889 1681 2955 δε
1724 2887 1843 2967 νὺξ
1880 2889 2272 2974 κατέλαβεν,
2334 2881 2595 2954 ἆναθέ-

437 3018 634 3078 μενος
679 2993 793 3059 ἐπὶ
839 2989 955 3059 τὸν
985 2991 1206 3058 ι’ππον
1250 3029 1333 3040 -
1380 2990 1897 3077 ἐτεθεραπεύκει
1941 2991 2013 3057 δὲ
2045 2989 2160 3058 ἕνα
2192 2997 2431 3077 σφίσιν
2476 2985 2595 3055 ἅλ-

439 3099 551 3162 λον
585 3097 803 3162 ἱππέα
835 3093 1132 3160 ἕπεσθαι
1164 3131 1244 3141 -
1277 3092 1716 3182 ἀναπηδήσας
1758 3097 1873 3161 καὶ
1904 3086 2105 3170 αὐτὸς
2135 3086 2351 3160 ούκέτι
2398 3094 2593 3179 παρὰ

435 3197 555 3285 τὴν
599 3199 920 3263 Μαιῶτιν
976 3191 1286 3282 ἤλαυνεν,
1349 3188 1502 3260 ἀλλ’
1566 3189 2129 3282 ἀποτραπόμενος
2185 3193 2254 3272 ἐς
2294 3193 2416 3279 τὴν
2469 3221 2592 3278 με-

438 3302 706 3386 σόγειαν
765 3298 833 3366 ἐν
880 3298 1066 3386 δεξιᾷ
1121 3296 1342 3383 λαβὼν
1402 3296 1486 3364 τὰ
1531 3304 1894 3382 Μιτραίων
1941 3292 2093 3386 ὅρη,
2154 3298 2593 3364 διαναπαύων

433 3401 679 3487 μεταξὺ
747 3399 872 3488 τὴν
937 3400 1187 3482 παῖδα,
1254 3413 1555 3485 τριταῖος
1622 3399 1915 3467 ἐτέλεσεν
1986 3398 2054 3466 ἐκ
2115 3399 2458 3482 Μαχλύων
2528 3399 2594 3479 ἐς

435 3505 720 3583 Σκύθας.
796 3507 910 3572 καὶ
971 3500 1006 3568 ὃ
1053 3505 1175 3587 μὲν
1232 3503 1453 3579 ἵππος
1500 3495 1709 3589 αὐτῷ,
1772 3500 2004 3587 ἐπειδὴ
2070 3499 2415 3568 ἐπαύσατο
2469 3505 2592 3569 τοῦ

332 3627 408 3683 53
438 3604 708 3694 δρόμου,
750 3605 988 3695 μικρὸν
1036 3603 1321 3683 ἐπιστὰς
1365 3599 1807 3692 ἀποθνήσκει.
1884 3611 1983 3673 53.
2032 3600 2068 3670 ὃ
2116 3604 2189 3671 δὲ
2233 3609 2591 3692 Μακέντης

437 3712 804 3797 ἐγχειρίσας
847 3706 972 3794 τὴν
1002 3707 1325 3788 Μαζαίαν
1353 3710 1453 3793 τῷ
1478 3703 1896 3796 Ἀρσακόμᾳ,
1942 3705 2213 3787 Δέδεξο,
2262 3703 2431 3784 εἶπε,
2477 3709 2589 3774 καὶ

435 3807 603 3897 παρ’
669 3811 828 3895 ἐμοῦ
887 3809 1011 3897 τὴν
1067 3805 1463 3892 ὑπόσχεσιν·
1525 3814 1647 3878 τοῦ
1704 3810 1777 3877 δὲ
1830 3808 2002 3896 πρὸς
2059 3806 2135 3876 τὸ
2188 3803 2589 3876 ἀνέλπιστον

434 3917 552 3980 τοῦ
618 3912 966 3995 θεάματος
1037 3913 1578 3998 καταπλαγέντος
1646 3916 1760 3980 καὶ
1817 3911 2013 3997 χάριν
2086 3905 2588 3996 ὁμολογοῦντος,

436 4018 626 4081 Παῦε
671 4013 797 4100 ἔφη
845 4010 880 4080 ὃ
915 4018 1292 4100 Μακέντης,
1338 4008 1545 4080 ἄλλον
1588 4039 1672 4097 με
1713 4017 1933 4082 ποιῶν
1980 4015 2298 4080 σεαυτοῦ·
2340 4010 2419 4078 τὸ
2464 4011 2588 4099 γὰρ
