<?xml version="1.0" encoding="UTF-8"?>
<!DOCTYPE html PUBLIC "-//W3C//DTD XHTML 1.0 Transitional//EN"
    "http://www.w3.org/TR/xhtml1/DTD/xhtml1-transitional.dtd">
<html xmlns="http://www.w3.org/1999/xhtml" xml:lang="en" lang="en">
 <head>
  <title>
</title>
<meta http-equiv="Content-Type" content="text/html;charset=utf-8" />
  <meta name='ocr-system' content='tesseract 3.04.00' />
  <meta name='ocr-capabilities' content='ocr_page ocr_carea ocr_par ocr_line ocrx_word'/>
</head>
<body>
  <div class='ocr_page' id='page_1' title='image "./lucianus01sommgoog/lucianus01sommgoog_0079.png"; bbox 0 0 2750 4534; ppageno 0'>
   <div class='ocr_carea' id='block_1_1' title="bbox 915 284 2296 344">
    <p class='ocr_par' dir='ltr' id='par_1_1' title="bbox 915 284 2296 344">
     <span class='ocr_line' id='line_1_1' title="bbox 915 284 2296 344; baseline 0.001 -4"><span class='ocrx_word' id='word_1_1' title='bbox 915 287 1196 342; x_wconf 81' lang='grc' dir='ltr'><strong><em>ΤΟΞΑΡΙΣ</em></strong></span> <span class='ocrx_word' id='word_1_2' title='bbox 1229 289 1274 341; x_wconf 82' lang='grc' dir='ltr'>Η</span> <span class='ocrx_word' id='word_1_3' title='bbox 1309 289 1513 343; x_wconf 67' lang='lat' dir='ltr'><strong>«buu.</strong></span> <span class='ocrx_word' id='word_1_4' title='bbox 2214 284 2296 344; x_wconf 87' lang='grc'><strong><em>63</em></strong></span> 
     </span>
    </p>
   </div>
   <div class='ocr_carea' id='block_1_2' title="bbox 49 449 2407 4108">
    <p class='ocr_par' dir='ltr' id='par_1_2' title="bbox 140 449 2299 750">
     <span class='ocr_line' id='line_1_2' title="bbox 141 449 2295 546; baseline 0 -24"><span class='ocrx_word' id='word_1_5' title='bbox 141 471 292 525; x_wconf 99' lang='grc' dir='ltr'><strong><em>πεῖν</em></strong></span> <span class='ocrx_word' id='word_1_6' title='bbox 337 457 458 525; x_wconf 86' lang='grc' dir='ltr'><strong><em>τὸν</em></strong></span> <span class='ocrx_word' id='word_1_7' title='bbox 505 459 726 546; x_wconf 82' lang='grc' dir='ltr'><strong><em>φίλον.</em></strong></span> <span class='ocrx_word' id='word_1_8' title='bbox 815 456 1014 523; x_wconf 81' lang='grc' dir='ltr'><strong><em>τοῦτό</em></strong></span> <span class='ocrx_word' id='word_1_9' title='bbox 1062 479 1172 524; x_wconf 94' lang='grc' dir='ltr'><strong><em>σοι</em></strong></span> <span class='ocrx_word' id='word_1_10' title='bbox 1216 456 1405 544; x_wconf 72' lang='grc' dir='ltr'><strong><em>ἔργον</em></strong></span> <span class='ocrx_word' id='word_1_11' title='bbox 1451 458 1654 544; x_wconf 93' lang='grc' dir='ltr'><strong><em>φίλου</em></strong></span> <span class='ocrx_word' id='word_1_12' title='bbox 1682 449 1995 545; x_wconf 77' lang='grc' dir='ltr'><strong><em>Ἕλληνος</em></strong></span> <span class='ocrx_word' id='word_1_13' title='bbox 2040 452 2115 524; x_wconf 81' lang='grc' dir='ltr'><strong><em>οὗ</em></strong></span> <span class='ocrx_word' id='word_1_14' title='bbox 2164 457 2295 541; x_wconf 86' lang='grc' dir='ltr'><strong><em>πρὸ</em></strong></span> 
     </span>
     <span class='ocr_line' id='line_1_3' title="bbox 140 553 2299 646; baseline 0.001 -22"><span class='ocrx_word' id='word_1_15' title='bbox 140 561 398 627; x_wconf 87' lang='grc' dir='ltr'><strong><em>πολλοῦ</em></strong></span> <span class='ocrx_word' id='word_1_16' title='bbox 449 559 832 646; x_wconf 88' lang='grc' dir='ltr'><strong><em>γενόμενον·</em></strong></span> <span class='ocrx_word' id='word_1_17' title='bbox 891 556 1003 646; x_wconf 69' lang='grc' dir='ltr'><strong><em>ἔτη</em></strong></span> <span class='ocrx_word' id='word_1_18' title='bbox 1059 558 1183 645; x_wconf 81' lang='grc' dir='ltr'><strong><em>γὰρ</em></strong></span> <span class='ocrx_word' id='word_1_19' title='bbox 1244 553 1360 626; x_wconf 80' lang='grc' dir='ltr'><strong><em>ούκ</em></strong></span> <span class='ocrx_word' id='word_1_20' title='bbox 1419 555 1573 625; x_wconf 83' lang='grc' dir='ltr'><strong><em>οἶδα</em></strong></span> <span class='ocrx_word' id='word_1_21' title='bbox 1631 558 1691 625; x_wconf 86' lang='grc' dir='ltr'><strong><em>εἰ</em></strong></span> <span class='ocrx_word' id='word_1_22' title='bbox 1736 564 1939 626; x_wconf 81' lang='grc' dir='ltr'><strong><em>πέντε</em></strong></span> <span class='ocrx_word' id='word_1_23' title='bbox 1989 555 2113 646; x_wconf 83' lang='grc' dir='ltr'><strong><em>ἤδη</em></strong></span> <span class='ocrx_word' id='word_1_24' title='bbox 2163 559 2299 626; x_wconf 90' lang='grc' dir='ltr'><strong><em>διε-</em></strong></span> 
     </span>
     <span class='ocr_line' id='line_1_4' title="bbox 141 653 1990 750; baseline -0.001 -24"><span class='ocrx_word' id='word_1_25' title='bbox 141 662 451 750; x_wconf 86' lang='grc' dir='ltr'><strong><em>λήλυθεν,</em></strong></span> <span class='ocrx_word' id='word_1_26' title='bbox 498 654 624 749; x_wconf 75' lang='grc' dir='ltr'><strong><em>ἀφ’</em></strong></span> <span class='ocrx_word' id='word_1_27' title='bbox 680 655 758 727; x_wconf 80' lang='grc' dir='ltr'><strong><em>οὗ</em></strong></span> <span class='ocrx_word' id='word_1_28' title='bbox 793 653 1217 749; x_wconf 76' lang='grc' dir='ltr'><strong><em>Ἀγαθοκλῆς</em></strong></span> <span class='ocrx_word' id='word_1_29' title='bbox 1261 660 1329 727; x_wconf 77' lang='grc' dir='ltr'><strong><em>ἐν</em></strong></span> <span class='ocrx_word' id='word_1_30' title='bbox 1375 661 1615 748; x_wconf 81' lang='grc' dir='ltr'><strong><em>Γυάρῳ</em></strong></span> <span class='ocrx_word' id='word_1_31' title='bbox 1663 658 1990 728; x_wconf 80' lang='grc' dir='ltr'><strong><em>ἀπέθανε.</em></strong></span> 
     </span>
    </p>

    <p class='ocr_par' dir='ltr' id='par_1_3' title="bbox 49 749 2299 1156">
     <span class='ocr_line' id='line_1_5' title="bbox 312 749 2297 852; baseline -0.002 -22"><span class='ocrx_word' id='word_1_32' title='bbox 312 765 522 837; x_wconf 83' lang='grc' dir='ltr'><strong><em>ΤΟΞ.</em></strong></span> <span class='ocrx_word' id='word_1_33' title='bbox 609 766 745 830; x_wconf 80' lang='grc' dir='ltr'><strong><em>Καὶ</em></strong></span> <span class='ocrx_word' id='word_1_34' title='bbox 812 762 966 830; x_wconf 82' lang='grc' dir='ltr'><strong><em>ε’ίθε</em></strong></span> <span class='ocrx_word' id='word_1_35' title='bbox 1028 787 1134 848; x_wconf 88' lang='grc' dir='ltr'><strong><em>γε,</em></strong></span> <span class='ocrx_word' id='word_1_36' title='bbox 1201 749 1257 828; x_wconf 76' lang='grc' dir='ltr'><em>ὦ</em></span> <span class='ocrx_word' id='word_1_37' title='bbox 1322 763 1740 852; x_wconf 82' lang='grc' dir='ltr'><strong><em>Μνήσιππε,</em></strong></span> <span class='ocrx_word' id='word_1_38' title='bbox 1811 757 2151 846; x_wconf 73' lang='grc' dir='ltr'><strong><em>ἀνώμοτος</em></strong></span> <span class='ocrx_word' id='word_1_39' title='bbox 2208 752 2297 828; x_wconf 73' lang='grc' dir='ltr'><strong><em>ὢν</em></strong></span> 
     </span>
     <span class='ocr_line' id='line_1_6' title="bbox 139 857 2299 953; baseline -0.001 -22"><span class='ocrx_word' id='word_1_40' title='bbox 139 869 345 932; x_wconf 85' lang='grc' dir='ltr'><strong><em>ταῦτα</em></strong></span> <span class='ocrx_word' id='word_1_41' title='bbox 407 865 653 951; x_wconf 72' lang='grc' dir='ltr'><strong><em>ἔλεγες,</em></strong></span> <span class='ocrx_word' id='word_1_42' title='bbox 711 865 824 931; x_wconf 77' lang='grc' dir='ltr'><strong><em>ἵνα</em></strong></span> <span class='ocrx_word' id='word_1_43' title='bbox 880 867 992 932; x_wconf 85' lang='grc' dir='ltr'><strong><em>καὶ</em></strong></span> <span class='ocrx_word' id='word_1_44' title='bbox 1052 858 1366 932; x_wconf 86' lang='grc' dir='ltr'><strong><em>άπιστεῖν</em></strong></span> <span class='ocrx_word' id='word_1_45' title='bbox 1428 865 1757 953; x_wconf 75' lang='grc' dir='ltr'><strong><em>ἐδυνάμην</em></strong></span> <span class='ocrx_word' id='word_1_46' title='bbox 1802 859 2061 943; x_wconf 74' lang='grc' dir='ltr'><strong><em>αὐτοῖς·</em></strong></span> <span class='ocrx_word' id='word_1_47' title='bbox 2124 857 2299 931; x_wconf 75' lang='grc' dir='ltr'><strong><em>οῧτω</em></strong></span> 
     </span>
     <span class='ocr_line' id='line_1_7' title="bbox 49 960 2297 1054; baseline 0 -22"><span class='ocrx_word' id='word_1_48' title='bbox 49 984 122 1033; x_wconf 70' lang='lat'><strong><em>527</em></strong></span> <span class='ocrx_word' id='word_1_49' title='bbox 139 966 470 1034; x_wconf 87' lang='grc' dir='ltr'><strong><em>Σκυθικόν</em></strong></span> <span class='ocrx_word' id='word_1_50' title='bbox 529 992 684 1034; x_wconf 87' lang='grc' dir='ltr'><strong><em>τινα</em></strong></span> <span class='ocrx_word' id='word_1_51' title='bbox 751 968 952 1053; x_wconf 81' lang='grc' dir='ltr'><strong><em>φίλον</em></strong></span> <span class='ocrx_word' id='word_1_52' title='bbox 1018 963 1137 1033; x_wconf 86' lang='grc' dir='ltr'><strong><em>τὸν</em></strong></span> <span class='ocrx_word' id='word_1_53' title='bbox 1193 960 1618 1052; x_wconf 73' lang='grc' dir='ltr'><strong><em>Ἀγαθοκλέα</em></strong></span> <span class='ocrx_word' id='word_1_54' title='bbox 1681 971 1917 1034; x_wconf 86' lang='grc' dir='ltr'><strong><em>τοῦτον</em></strong></span> <span class='ocrx_word' id='word_1_55' title='bbox 1985 965 2297 1054; x_wconf 87' lang='grc' dir='ltr'><strong><em>διηγήσω.</em></strong></span> 
     </span>
     <span class='ocr_line' id='line_1_8' title="bbox 140 1053 2224 1156; baseline 0.001 -22"><span class='ocrx_word' id='word_1_56' title='bbox 140 1067 312 1154; x_wconf 88' lang='grc' dir='ltr'><strong><em>πλὴν</em></strong></span> <span class='ocrx_word' id='word_1_57' title='bbox 359 1053 478 1134; x_wconf 73' lang='grc' dir='ltr'><strong><em>οὗν</em></strong></span> <span class='ocrx_word' id='word_1_58' title='bbox 524 1068 716 1134; x_wconf 89' lang='grc' dir='ltr'><strong><em>δέδια</em></strong></span> <span class='ocrx_word' id='word_1_59' title='bbox 759 1066 850 1155; x_wconf 83' lang='grc' dir='ltr'><strong><em>μή</em></strong></span> <span class='ocrx_word' id='word_1_60' title='bbox 894 1092 1047 1133; x_wconf 91' lang='grc' dir='ltr'><strong><em>τινα</em></strong></span> <span class='ocrx_word' id='word_1_61' title='bbox 1089 1071 1202 1134; x_wconf 85' lang='grc' dir='ltr'><strong><em>καὶ</em></strong></span> <span class='ocrx_word' id='word_1_62' title='bbox 1249 1063 1453 1134; x_wconf 76' lang='grc' dir='ltr'><strong><em>ἄλλον</em></strong></span> <span class='ocrx_word' id='word_1_63' title='bbox 1497 1062 1736 1153; x_wconf 73' lang='grc' dir='ltr'><strong><em>ὅμοιον</em></strong></span> <span class='ocrx_word' id='word_1_64' title='bbox 1780 1068 1978 1156; x_wconf 68' lang='grc' dir='ltr'><strong><em>ε’ίπςης</em></strong></span> <span class='ocrx_word' id='word_1_65' title='bbox 2024 1063 2224 1154; x_wconf 77' lang='grc' dir='ltr'><strong><em>αὐτῷ.</em></strong></span> 
     </span>
    </p>

    <p class='ocr_par' dir='ltr' id='par_1_4' title="bbox 135 1161 2401 2784">
     <span class='ocr_line' id='line_1_9' title="bbox 309 1161 2401 1256; baseline -0 -21"><span class='ocrx_word' id='word_1_66' title='bbox 309 1177 414 1239; x_wconf 88' lang='grc'><strong><em>19.</em></strong></span> <span class='ocrx_word' id='word_1_67' title='bbox 471 1175 771 1236; x_wconf 89' lang='grc' dir='ltr'><strong><em>ΜΝΗΣ.</em></strong></span> <span class='ocrx_word' id='word_1_68' title='bbox 844 1170 1089 1236; x_wconf 83' lang='grc' dir='ltr'><strong><em>’Ἀκουε</em></strong></span> <span class='ocrx_word' id='word_1_69' title='bbox 1145 1175 1369 1237; x_wconf 78' lang='grc' dir='ltr'><strong><em>τοίνυν</em></strong></span> <span class='ocrx_word' id='word_1_70' title='bbox 1434 1173 1547 1237; x_wconf 88' lang='grc' dir='ltr'><strong><em>καὶ</em></strong></span> <span class='ocrx_word' id='word_1_71' title='bbox 1606 1166 1843 1246; x_wconf 75' lang='grc' dir='ltr'><strong><em>ἄλλον,</em></strong></span> <span class='ocrx_word' id='word_1_72' title='bbox 1910 1161 1963 1237; x_wconf 79' lang='grc' dir='ltr'><em>ὦ</em></span> <span class='ocrx_word' id='word_1_73' title='bbox 2032 1171 2292 1256; x_wconf 86' lang='grc' dir='ltr'><strong><em>Τόξαρι,</em></strong></span> <span class='ocrx_word' id='word_1_74' title='bbox 2329 1182 2401 1235; x_wconf 76' lang='grc'><strong><em>19</em></strong></span> 
     </span>
     <span class='ocr_line' id='line_1_10' title="bbox 143 1267 2301 1360; baseline 0 -23"><span class='ocrx_word' id='word_1_75' title='bbox 143 1272 516 1338; x_wconf 75' lang='grc' dir='ltr'><strong><em>Εὐθύδικον</em></strong></span> <span class='ocrx_word' id='word_1_76' title='bbox 581 1272 700 1338; x_wconf 83' lang='grc' dir='ltr'><strong><em>τὸν</em></strong></span> <span class='ocrx_word' id='word_1_77' title='bbox 757 1271 1120 1339; x_wconf 85' lang='grc' dir='ltr'><strong><em>Χαλκιδέα.</em></strong></span> <span class='ocrx_word' id='word_1_78' title='bbox 1221 1273 1513 1360; x_wconf 90' lang='grc' dir='ltr'><strong><em>διηγεῖτο</em></strong></span> <span class='ocrx_word' id='word_1_79' title='bbox 1571 1273 1645 1337; x_wconf 88' lang='grc' dir='ltr'><strong><em>δέ</em></strong></span> <span class='ocrx_word' id='word_1_80' title='bbox 1697 1298 1817 1356; x_wconf 91' lang='grc' dir='ltr'><strong><em>μοι</em></strong></span> <span class='ocrx_word' id='word_1_81' title='bbox 1880 1276 2039 1358; x_wconf 88' lang='grc' dir='ltr'><strong><em>περὶ</em></strong></span> <span class='ocrx_word' id='word_1_82' title='bbox 2098 1267 2301 1340; x_wconf 74' lang='grc' dir='ltr'><strong><em>αὐτοῦ</em></strong></span> 
     </span>
     <span class='ocr_line' id='line_1_11' title="bbox 139 1361 2298 1462; baseline 0.001 -24"><span class='ocrx_word' id='word_1_83' title='bbox 139 1373 428 1456; x_wconf 82' lang='grc' dir='ltr'><strong><em>Σιμύλος</em></strong></span> <span class='ocrx_word' id='word_1_84' title='bbox 485 1369 520 1440; x_wconf 84' lang='grc' dir='ltr'>ὅ</span> <span class='ocrx_word' id='word_1_85' title='bbox 583 1372 942 1462; x_wconf 82' lang='grc' dir='ltr'><strong><em>ναύκληρος</em></strong></span> <span class='ocrx_word' id='word_1_86' title='bbox 996 1369 1033 1440; x_wconf 84' lang='grc' dir='ltr'><em>ὃ</em></span> <span class='ocrx_word' id='word_1_87' title='bbox 1081 1373 1472 1462; x_wconf 83' lang='grc' dir='ltr'><strong><em>Μεγαρικὸς</em></strong></span> <span class='ocrx_word' id='word_1_88' title='bbox 1527 1372 2035 1458; x_wconf 79' lang='grc' dir='ltr'><strong><em>ἐπομοσάμενος</em></strong></span> <span class='ocrx_word' id='word_1_89' title='bbox 2085 1361 2126 1460; x_wconf 82' lang='grc' dir='ltr'><em>ἦ</em></span> <span class='ocrx_word' id='word_1_90' title='bbox 2170 1374 2298 1461; x_wconf 75' lang='grc' dir='ltr'><strong><em>μὴν</em></strong></span> 
     </span>
     <span class='ocr_line' id='line_1_12' title="bbox 143 1468 2300 1562; baseline 0.001 -22"><span class='ocrx_word' id='word_1_91' title='bbox 143 1468 339 1553; x_wconf 72' lang='grc' dir='ltr'><strong><em>αὐτὸς</em></strong></span> <span class='ocrx_word' id='word_1_92' title='bbox 386 1474 754 1559; x_wconf 74' lang='grc' dir='ltr'><strong><em>ἑωρακέναι</em></strong></span> <span class='ocrx_word' id='word_1_93' title='bbox 778 1473 856 1541; x_wconf 87' lang='grc' dir='ltr'><strong><em>τὸ</em></strong></span> <span class='ocrx_word' id='word_1_94' title='bbox 907 1474 1125 1560; x_wconf 68' lang='grc' dir='ltr'><strong><em>ἔργον·</em></strong></span> <span class='ocrx_word' id='word_1_95' title='bbox 1173 1477 1366 1542; x_wconf 82' lang='grc' dir='ltr'><strong><em>πλεῖν</em></strong></span> <span class='ocrx_word' id='word_1_96' title='bbox 1410 1476 1531 1558; x_wconf 84' lang='grc' dir='ltr'><strong><em>μὲν</em></strong></span> <span class='ocrx_word' id='word_1_97' title='bbox 1574 1475 1699 1560; x_wconf 80' lang='grc' dir='ltr'><strong><em>γὰρ</em></strong></span> <span class='ocrx_word' id='word_1_98' title='bbox 1738 1475 1863 1562; x_wconf 71' lang='grc' dir='ltr'><strong><em>ἔφη</em></strong></span> <span class='ocrx_word' id='word_1_99' title='bbox 1912 1473 1985 1553; x_wconf 78' lang='grc' dir='ltr'><strong><em>ἐξ</em></strong></span> <span class='ocrx_word' id='word_1_100' title='bbox 2016 1470 2300 1553; x_wconf 85' lang='grc' dir='ltr'><strong><em>Ἰταλίας</em></strong></span> 
     </span>
     <span class='ocr_line' id='line_1_13' title="bbox 135 1569 2299 1665; baseline 0 -24"><span class='ocrx_word' id='word_1_101' title='bbox 135 1569 468 1665; x_wconf 79' lang='grc' dir='ltr'><strong><em>Ἀθήναζε</em></strong></span> <span class='ocrx_word' id='word_1_102' title='bbox 521 1580 683 1660; x_wconf 90' lang='grc' dir='ltr'><strong><em>περὶ</em></strong></span> <span class='ocrx_word' id='word_1_103' title='bbox 737 1575 926 1644; x_wconf 90' lang='grc' dir='ltr'><strong><em>δύσιν</em></strong></span> <span class='ocrx_word' id='word_1_104' title='bbox 977 1576 1316 1655; x_wconf 85' lang='grc' dir='ltr'><strong><em>Πλειάδος</em></strong></span> <span class='ocrx_word' id='word_1_105' title='bbox 1373 1579 1885 1662; x_wconf 83' lang='grc' dir='ltr'><strong><em>συλλογιμαίους</em></strong></span> <span class='ocrx_word' id='word_1_106' title='bbox 1938 1575 2127 1654; x_wconf 86' lang='grc' dir='ltr'><strong><em>τινὰς</em></strong></span> <span class='ocrx_word' id='word_1_107' title='bbox 2184 1571 2299 1642; x_wconf 83' lang='grc' dir='ltr'><strong><em>άν-</em></strong></span> 
     </span>
     <span class='ocr_line' id='line_1_14' title="bbox 143 1673 2301 1762; baseline 0 -19"><span class='ocrx_word' id='word_1_108' title='bbox 143 1678 469 1761; x_wconf 84' lang='grc' dir='ltr'><strong><em>θρώπους</em></strong></span> <span class='ocrx_word' id='word_1_109' title='bbox 511 1679 833 1762; x_wconf 87' lang='grc' dir='ltr'><strong><em>κομίζων,</em></strong></span> <span class='ocrx_word' id='word_1_110' title='bbox 895 1677 964 1745; x_wconf 77' lang='grc' dir='ltr'><strong><em>ἐν</em></strong></span> <span class='ocrx_word' id='word_1_111' title='bbox 1022 1678 1095 1745; x_wconf 81' lang='grc' dir='ltr'><strong><em>δὲ</em></strong></span> <span class='ocrx_word' id='word_1_112' title='bbox 1144 1678 1411 1757; x_wconf 81' lang='grc' dir='ltr'><strong><em>τούτοις</em></strong></span> <span class='ocrx_word' id='word_1_113' title='bbox 1466 1675 1643 1746; x_wconf 84' lang='grc' dir='ltr'><strong><em>εἶναι</em></strong></span> <span class='ocrx_word' id='word_1_114' title='bbox 1684 1682 1795 1746; x_wconf 82' lang='grc' dir='ltr'><strong><em>καὶ</em></strong></span> <span class='ocrx_word' id='word_1_115' title='bbox 1840 1678 1957 1746; x_wconf 82' lang='grc' dir='ltr'><strong><em>τὸν</em></strong></span> <span class='ocrx_word' id='word_1_116' title='bbox 2003 1673 2301 1746; x_wconf 75' lang='grc' dir='ltr'><strong><em>Εὐθύδι-</em></strong></span> 
     </span>
     <span class='ocr_line' id='line_1_15' title="bbox 141 1773 2301 1864; baseline 0 -19"><span class='ocrx_word' id='word_1_117' title='bbox 141 1805 248 1846; x_wconf 88' lang='grc' dir='ltr'><strong><em>κον</em></strong></span> <span class='ocrx_word' id='word_1_118' title='bbox 289 1783 413 1847; x_wconf 89' lang='grc' dir='ltr'><strong><em>καὶ</em></strong></span> <span class='ocrx_word' id='word_1_119' title='bbox 454 1775 604 1864; x_wconf 77' lang='grc' dir='ltr'><strong><em>μετ’</em></strong></span> <span class='ocrx_word' id='word_1_120' title='bbox 659 1773 862 1847; x_wconf 74' lang='grc' dir='ltr'><strong><em>αὐτοῦ</em></strong></span> <span class='ocrx_word' id='word_1_121' title='bbox 907 1781 1228 1864; x_wconf 88' lang='grc' dir='ltr'><strong><em>Δάμωνα,</em></strong></span> <span class='ocrx_word' id='word_1_122' title='bbox 1275 1781 1621 1847; x_wconf 84' lang='grc' dir='ltr'><strong><em>Χαλκιδέα</em></strong></span> <span class='ocrx_word' id='word_1_123' title='bbox 1663 1782 1774 1848; x_wconf 81' lang='grc' dir='ltr'><strong><em>καὶ</em></strong></span> <span class='ocrx_word' id='word_1_124' title='bbox 1820 1784 2075 1862; x_wconf 81' lang='grc' dir='ltr'><strong><em>τοῦτον,</em></strong></span> <span class='ocrx_word' id='word_1_125' title='bbox 2122 1779 2301 1847; x_wconf 76' lang='grc' dir='ltr'><strong><em>ἑταῖ-</em></strong></span> 
     </span>
     <span class='ocr_line' id='line_1_16' title="bbox 143 1876 2301 1970; baseline 0.001 -22"><span class='ocrx_word' id='word_1_126' title='bbox 143 1906 251 1966; x_wconf 88' lang='grc' dir='ltr'><strong><em>ρον</em></strong></span> <span class='ocrx_word' id='word_1_127' title='bbox 311 1876 551 1948; x_wconf 81' lang='grc' dir='ltr'><strong><em>αύτοῦ·</em></strong></span> <span class='ocrx_word' id='word_1_128' title='bbox 607 1877 970 1970; x_wconf 81' lang='grc' dir='ltr'><strong><em>ἡλικιώτας</em></strong></span> <span class='ocrx_word' id='word_1_129' title='bbox 1027 1883 1098 1948; x_wconf 84' lang='grc' dir='ltr'><strong><em>δὲ</em></strong></span> <span class='ocrx_word' id='word_1_130' title='bbox 1155 1879 1358 1964; x_wconf 82' lang='grc' dir='ltr'><strong><em>εἶναι,</em></strong></span> <span class='ocrx_word' id='word_1_131' title='bbox 1416 1881 1535 1949; x_wconf 84' lang='grc' dir='ltr'><strong><em>τὸν</em></strong></span> <span class='ocrx_word' id='word_1_132' title='bbox 1590 1883 1713 1966; x_wconf 83' lang='grc' dir='ltr'><strong><em>μὲν</em></strong></span> <span class='ocrx_word' id='word_1_133' title='bbox 1758 1878 2136 1950; x_wconf 76' lang='grc' dir='ltr'><strong><em>Εὐθύδικον</em></strong></span> <span class='ocrx_word' id='word_1_134' title='bbox 2195 1881 2301 1968; x_wconf 75' lang='grc' dir='ltr'><strong><em>ἐρ-</em></strong></span> 
     </span>
     <span class='ocr_line' id='line_1_17' title="bbox 143 1978 2301 2070; baseline 0.002 -22"><span class='ocrx_word' id='word_1_135' title='bbox 143 1988 438 2068; x_wconf 90' lang='grc' dir='ltr'><strong><em>ρωμένον</em></strong></span> <span class='ocrx_word' id='word_1_136' title='bbox 503 1986 617 2051; x_wconf 84' lang='grc' dir='ltr'><strong><em>καὶ</em></strong></span> <span class='ocrx_word' id='word_1_137' title='bbox 681 1983 1032 2069; x_wconf 87' lang='grc' dir='ltr'><strong><em>καρτερόν,</em></strong></span> <span class='ocrx_word' id='word_1_138' title='bbox 1109 1982 1225 2050; x_wconf 86' lang='grc' dir='ltr'><strong><em>τὸν</em></strong></span> <span class='ocrx_word' id='word_1_139' title='bbox 1298 1985 1372 2051; x_wconf 81' lang='grc' dir='ltr'><strong><em>δὲ</em></strong></span> <span class='ocrx_word' id='word_1_140' title='bbox 1437 1983 1740 2067; x_wconf 87' lang='grc' dir='ltr'><strong><em>Δάμωνα</em></strong></span> <span class='ocrx_word' id='word_1_141' title='bbox 1812 1978 2123 2070; x_wconf 70' lang='grc' dir='ltr'><strong><em>ὕπωχρον</em></strong></span> <span class='ocrx_word' id='word_1_142' title='bbox 2190 1988 2301 2052; x_wconf 85' lang='grc' dir='ltr'><strong><em>καὶ</em></strong></span> 
     </span>
     <span class='ocr_line' id='line_1_18' title="bbox 146 2079 2301 2171; baseline 0.001 -22"><span class='ocrx_word' id='word_1_143' title='bbox 146 2079 535 2166; x_wconf 76' lang='grc' dir='ltr'><strong><em>ἀσθενικόν,</em></strong></span> <span class='ocrx_word' id='word_1_144' title='bbox 596 2080 751 2171; x_wconf 69' lang='grc' dir='ltr'><strong><em>ὅρτι</em></strong></span> <span class='ocrx_word' id='word_1_145' title='bbox 811 2083 881 2152; x_wconf 74' lang='grc' dir='ltr'><strong><em>ἐκ</em></strong></span> <span class='ocrx_word' id='word_1_146' title='bbox 923 2084 1124 2152; x_wconf 89' lang='grc' dir='ltr'><strong><em>νόσου</em></strong></span> <span class='ocrx_word' id='word_1_147' title='bbox 1166 2089 1455 2171; x_wconf 79' lang='grc' dir='ltr'><strong><em>μακρᾶς,</em></strong></span> <span class='ocrx_word' id='word_1_148' title='bbox 1516 2085 1606 2163; x_wconf 80' lang='grc' dir='ltr'><strong><em>ὥς</em></strong></span> <span class='ocrx_word' id='word_1_149' title='bbox 1650 2086 1893 2169; x_wconf 74' lang='grc' dir='ltr'><strong><em>ἐδόκει,</em></strong></span> <span class='ocrx_word' id='word_1_150' title='bbox 1941 2081 2301 2170; x_wconf 74' lang='grc' dir='ltr'><strong><em>ἀνιστάμε-</em></strong></span> 
     </span>
     <span class='ocr_line' id='line_1_19' title="bbox 146 2173 2297 2275; baseline 0.001 -23"><span class='ocrx_word' id='word_1_151' title='bbox 146 2212 271 2255; x_wconf 91' lang='grc' dir='ltr'><strong><em>νον.</em></strong></span> <span class='ocrx_word' id='word_1_152' title='bbox 363 2183 517 2275; x_wconf 76' lang='grc' dir='ltr'><strong><em>ὂὶχρι</em></strong></span> <span class='ocrx_word' id='word_1_153' title='bbox 570 2188 693 2271; x_wconf 82' lang='grc' dir='ltr'><strong><em>μὲν</em></strong></span> <span class='ocrx_word' id='word_1_154' title='bbox 751 2173 867 2255; x_wconf 74' lang='grc' dir='ltr'><strong><em>οὖν</em></strong></span> <span class='ocrx_word' id='word_1_155' title='bbox 923 2189 1228 2265; x_wconf 82' lang='grc' dir='ltr'><strong><em>Σικελίας</em></strong></span> <span class='ocrx_word' id='word_1_156' title='bbox 1285 2183 1571 2271; x_wconf 78' lang='grc' dir='ltr'><strong><em>εὐτυχῶς</em></strong></span> <span class='ocrx_word' id='word_1_157' title='bbox 1628 2190 2029 2257; x_wconf 85' lang='grc' dir='ltr'><strong><em>διαπλεῦσαι</em></strong></span> <span class='ocrx_word' id='word_1_158' title='bbox 2090 2189 2216 2275; x_wconf 68' lang='grc' dir='ltr'><strong><em>ἔφη</em></strong></span> <span class='ocrx_word' id='word_1_159' title='bbox 2262 2185 2297 2254; x_wconf 83' lang='grc' dir='ltr'><em>ὃ</em></span> 
     </span>
     <span class='ocr_line' id='line_1_20' title="bbox 147 2288 2301 2377; baseline 0 -22"><span class='ocrx_word' id='word_1_160' title='bbox 147 2289 429 2374; x_wconf 79' lang='grc' dir='ltr'><strong><em>Σιμύλος</em></strong></span> <span class='ocrx_word' id='word_1_161' title='bbox 485 2293 699 2377; x_wconf 79' lang='grc' dir='ltr'><strong><em>σφᾶς·</em></strong></span> <span class='ocrx_word' id='word_1_162' title='bbox 761 2288 912 2358; x_wconf 76' lang='grc' dir='ltr'><strong><em>ἐπεὶ</em></strong></span> <span class='ocrx_word' id='word_1_163' title='bbox 969 2289 1042 2356; x_wconf 83' lang='grc' dir='ltr'><strong><em>δὲ</em></strong></span> <span class='ocrx_word' id='word_1_164' title='bbox 1091 2288 1210 2357; x_wconf 84' lang='grc' dir='ltr'><strong><em>τὸν</em></strong></span> <span class='ocrx_word' id='word_1_165' title='bbox 1270 2289 1593 2376; x_wconf 86' lang='grc' dir='ltr'><strong><em>πορθμὸν</em></strong></span> <span class='ocrx_word' id='word_1_166' title='bbox 1652 2291 2181 2375; x_wconf 86' lang='grc' dir='ltr'><strong><em>διαπεράσαντες</em></strong></span> <span class='ocrx_word' id='word_1_167' title='bbox 2234 2289 2301 2356; x_wconf 79' lang='grc' dir='ltr'><strong><em>ἐν</em></strong></span> 
     </span>
     <span class='ocr_line' id='line_1_21' title="bbox 149 2384 2301 2479; baseline 0.002 -24"><span class='ocrx_word' id='word_1_168' title='bbox 149 2384 320 2476; x_wconf 72' lang='grc' dir='ltr'><strong><em>αὐτῷ</em></strong></span> <span class='ocrx_word' id='word_1_169' title='bbox 365 2386 492 2479; x_wconf 85' lang='grc' dir='ltr'><strong><em>ἤδη</em></strong></span> <span class='ocrx_word' id='word_1_170' title='bbox 539 2394 638 2478; x_wconf 78' lang='grc' dir='ltr'><strong><em>τῷ</em></strong></span> <span class='ocrx_word' id='word_1_171' title='bbox 677 2385 888 2478; x_wconf 86' lang='grc' dir='ltr'><strong><em>Ἰονίῳ</em></strong></span> <span class='ocrx_word' id='word_1_172' title='bbox 933 2390 1205 2474; x_wconf 72' lang='grc' dir='ltr'><strong><em>ἔπλεον,</em></strong></span> <span class='ocrx_word' id='word_1_173' title='bbox 1252 2396 1547 2476; x_wconf 83' lang='grc' dir='ltr'><strong><em>χειμῶνα</em></strong></span> <span class='ocrx_word' id='word_1_174' title='bbox 1589 2397 1903 2478; x_wconf 89' lang='grc' dir='ltr'><strong><em>μέγιστον</em></strong></span> <span class='ocrx_word' id='word_1_175' title='bbox 1949 2392 2301 2460; x_wconf 76' lang='grc' dir='ltr'><strong><em>ἐπιπεσεῖν</em></strong></span> 
     </span>
     <span class='ocr_line' id='line_1_22' title="bbox 149 2486 2302 2580; baseline 0.002 -24"><span class='ocrx_word' id='word_1_176' title='bbox 149 2486 391 2570; x_wconf 75' lang='grc' dir='ltr'><strong><em>αὐτοῖς.</em></strong></span> <span class='ocrx_word' id='word_1_177' title='bbox 467 2496 578 2560; x_wconf 89' lang='grc' dir='ltr'><strong><em>καὶ</em></strong></span> <span class='ocrx_word' id='word_1_178' title='bbox 623 2492 707 2559; x_wconf 78' lang='grc' dir='ltr'><strong><em>τά</em></strong></span> <span class='ocrx_word' id='word_1_179' title='bbox 737 2494 861 2576; x_wconf 83' lang='grc' dir='ltr'><strong><em>μὲν</em></strong></span> <span class='ocrx_word' id='word_1_180' title='bbox 890 2493 1112 2560; x_wconf 80' lang='grc' dir='ltr'><strong><em>πολλὰ</em></strong></span> <span class='ocrx_word' id='word_1_181' title='bbox 1143 2500 1210 2561; x_wconf 90' lang='grc' dir='ltr'><strong><em>τί</em></strong></span> <span class='ocrx_word' id='word_1_182' title='bbox 1241 2489 1323 2560; x_wconf 71' lang='grc' dir='ltr'><strong><em>ἄν</em></strong></span> <span class='ocrx_word' id='word_1_183' title='bbox 1350 2518 1456 2573; x_wconf 85' lang='grc' dir='ltr'><strong><em>τις</em></strong></span> <span class='ocrx_word' id='word_1_184' title='bbox 1493 2497 1690 2580; x_wconf 87' lang='grc' dir='ltr'><strong><em>λέγοι,</em></strong></span> <span class='ocrx_word' id='word_1_185' title='bbox 1736 2499 2084 2580; x_wconf 89' lang='grc' dir='ltr'><strong><em>τρικυμίας</em></strong></span> <span class='ocrx_word' id='word_1_186' title='bbox 2113 2493 2302 2572; x_wconf 85' lang='grc' dir='ltr'><strong><em>τινὰς</em></strong></span> 
     </span>
     <span class='ocr_line' id='line_1_23' title="bbox 147 2589 2303 2681; baseline 0.001 -21"><span class='ocrx_word' id='word_1_187' title='bbox 147 2598 245 2661; x_wconf 81' lang='grc' dir='ltr'><strong><em>καὶ</em></strong></span> <span class='ocrx_word' id='word_1_188' title='bbox 280 2598 676 2681; x_wconf 81' lang='grc' dir='ltr'><strong><em>στροβίλους</em></strong></span> <span class='ocrx_word' id='word_1_189' title='bbox 703 2598 813 2662; x_wconf 79' lang='grc' dir='ltr'><strong><em>καὶ</em></strong></span> <span class='ocrx_word' id='word_1_190' title='bbox 857 2595 1149 2678; x_wconf 87' lang='grc' dir='ltr'><strong><em>χαλάζας</em></strong></span> <span class='ocrx_word' id='word_1_191' title='bbox 1191 2599 1304 2663; x_wconf 89' lang='grc' dir='ltr'><strong><em>καὶ</em></strong></span> <span class='ocrx_word' id='word_1_192' title='bbox 1351 2593 1523 2662; x_wconf 75' lang='grc' dir='ltr'><strong><em>ἄλλα</em></strong></span> <span class='ocrx_word' id='word_1_193' title='bbox 1565 2589 1696 2662; x_wconf 72' lang='grc' dir='ltr'><strong><em>ὅσα</em></strong></span> <span class='ocrx_word' id='word_1_194' title='bbox 1734 2599 2059 2679; x_wconf 80' lang='grc' dir='ltr'><strong><em>χειμῶνος</em></strong></span> <span class='ocrx_word' id='word_1_195' title='bbox 2103 2595 2303 2676; x_wconf 85' lang='grc' dir='ltr'><strong><em>κακά,·</em></strong></span> 
     </span>
     <span class='ocr_line' id='line_1_24' title="bbox 149 2690 2302 2784; baseline -0 -23"><span class='ocrx_word' id='word_1_196' title='bbox 149 2695 290 2763; x_wconf 81' lang='grc' dir='ltr'><strong><em>ἐπεὶ</em></strong></span> <span class='ocrx_word' id='word_1_197' title='bbox 349 2697 424 2763; x_wconf 81' lang='grc' dir='ltr'><strong><em>δὲ</em></strong></span> <span class='ocrx_word' id='word_1_198' title='bbox 477 2692 604 2783; x_wconf 85' lang='grc' dir='ltr'><strong><em>ἤδη</em></strong></span> <span class='ocrx_word' id='word_1_199' title='bbox 667 2701 848 2784; x_wconf 82' lang='grc' dir='ltr'><strong><em>σφᾶς</em></strong></span> <span class='ocrx_word' id='word_1_200' title='bbox 901 2696 1069 2763; x_wconf 83' lang='grc' dir='ltr'><strong><em>κατὰ</em></strong></span> <span class='ocrx_word' id='word_1_201' title='bbox 1115 2695 1235 2782; x_wconf 89' lang='grc' dir='ltr'><strong><em>τὴν</em></strong></span> <span class='ocrx_word' id='word_1_202' title='bbox 1280 2696 1637 2763; x_wconf 89' lang='grc' dir='ltr'><strong><em>Ζάκυνθον</em></strong></span> <span class='ocrx_word' id='word_1_203' title='bbox 1690 2692 1865 2763; x_wconf 83' lang='grc' dir='ltr'><strong><em>εἶναι</em></strong></span> <span class='ocrx_word' id='word_1_204' title='bbox 1910 2690 2049 2763; x_wconf 80' lang='grc' dir='ltr'><strong><em>άπὸ</em></strong></span> <span class='ocrx_word' id='word_1_205' title='bbox 2098 2697 2302 2784; x_wconf 84' lang='grc' dir='ltr'><strong><em>ψιλῆς</em></strong></span> 
     </span>
    </p>

    <p class='ocr_par' dir='ltr' id='par_1_5' title="bbox 63 2797 2407 4108">
     <span class='ocr_line' id='line_1_25' title="bbox 63 2797 2304 2886; baseline 0.002 -25"><span class='ocrx_word' id='word_1_206' title='bbox 63 2807 134 2858; x_wconf 65' lang='lat' dir='ltr'><strong><em>5ae</em></strong></span> <span class='ocrx_word' id='word_1_207' title='bbox 148 2801 259 2884; x_wconf 82' lang='grc' dir='ltr'><strong><em>τῆς</em></strong></span> <span class='ocrx_word' id='word_1_208' title='bbox 300 2804 576 2883; x_wconf 88' lang='grc' dir='ltr'><strong><em>κεραίας</em></strong></span> <span class='ocrx_word' id='word_1_209' title='bbox 622 2801 984 2879; x_wconf 89' lang='grc' dir='ltr'><strong><em>πλέοντας,</em></strong></span> <span class='ocrx_word' id='word_1_210' title='bbox 1039 2798 1139 2865; x_wconf 68' lang='grc' dir='ltr'><strong><em>ἔτι</em></strong></span> <span class='ocrx_word' id='word_1_211' title='bbox 1181 2802 1294 2866; x_wconf 83' lang='grc' dir='ltr'><strong><em>καὶ</em></strong></span> <span class='ocrx_word' id='word_1_212' title='bbox 1340 2804 1627 2886; x_wconf 89' lang='grc' dir='ltr'><strong><em>σπείρας</em></strong></span> <span class='ocrx_word' id='word_1_213' title='bbox 1669 2797 1858 2876; x_wconf 84' lang='grc' dir='ltr'><strong><em>τινὰς</em></strong></span> <span class='ocrx_word' id='word_1_214' title='bbox 1900 2797 2304 2884; x_wconf 76' lang='grc' dir='ltr'><strong><em>ἐπισυρομέ-</em></strong></span> 
     </span>
     <span class='ocr_line' id='line_1_26' title="bbox 149 2896 2304 2990; baseline 0 -24"><span class='ocrx_word' id='word_1_215' title='bbox 149 2925 322 2982; x_wconf 89' lang='grc' dir='ltr'><strong><em>νους,</em></strong></span> <span class='ocrx_word' id='word_1_216' title='bbox 386 2897 478 2978; x_wconf 80' lang='grc' dir='ltr'><strong><em>ὥς</em></strong></span> <span class='ocrx_word' id='word_1_217' title='bbox 533 2898 607 2968; x_wconf 88' lang='grc' dir='ltr'><strong><em>τὸ</em></strong></span> <span class='ocrx_word' id='word_1_218' title='bbox 671 2901 915 2989; x_wconf 78' lang='grc' dir='ltr'><strong><em>ῥόθιον</em></strong></span> <span class='ocrx_word' id='word_1_219' title='bbox 980 2900 1351 2984; x_wconf 78' lang='grc' dir='ltr'><strong><em>ἑπέχεσθαι</em></strong></span> <span class='ocrx_word' id='word_1_220' title='bbox 1406 2904 1526 2990; x_wconf 82' lang='grc' dir='ltr'><strong><em>τῆς</em></strong></span> <span class='ocrx_word' id='word_1_221' title='bbox 1582 2896 1823 2986; x_wconf 77' lang='grc' dir='ltr'><strong><em>ὁρμῆς,</em></strong></span> <span class='ocrx_word' id='word_1_222' title='bbox 1878 2903 2037 2983; x_wconf 87' lang='grc' dir='ltr'><strong><em>περὶ</em></strong></span> <span class='ocrx_word' id='word_1_223' title='bbox 2093 2906 2304 2983; x_wconf 87' lang='grc' dir='ltr'><strong><em>μέσας</em></strong></span> 
     </span>
     <span class='ocr_line' id='line_1_27' title="bbox 149 3001 2304 3090; baseline 0 -23"><span class='ocrx_word' id='word_1_224' title='bbox 149 3001 378 3081; x_wconf 75' lang='grc' dir='ltr'><strong><em>νύκτας</em></strong></span> <span class='ocrx_word' id='word_1_225' title='bbox 437 3001 581 3069; x_wconf 85' lang='grc' dir='ltr'><strong><em>οἶον</em></strong></span> <span class='ocrx_word' id='word_1_226' title='bbox 639 3001 707 3069; x_wconf 74' lang='grc' dir='ltr'><strong><em>ἓν</em></strong></span> <span class='ocrx_word' id='word_1_227' title='bbox 763 3001 1065 3089; x_wconf 89' lang='grc' dir='ltr'><strong><em>τοσούτῳ</em></strong></span> <span class='ocrx_word' id='word_1_228' title='bbox 1112 3003 1298 3090; x_wconf 86' lang='grc' dir='ltr'><strong><em>σάλῳ</em></strong></span> <span class='ocrx_word' id='word_1_229' title='bbox 1344 3002 1797 3069; x_wconf 85' lang='grc' dir='ltr'><strong><em>ναυτιάσαντα</em></strong></span> <span class='ocrx_word' id='word_1_230' title='bbox 1841 3004 1957 3070; x_wconf 83' lang='grc' dir='ltr'><strong><em>τὸν</em></strong></span> <span class='ocrx_word' id='word_1_231' title='bbox 2002 3003 2304 3086; x_wconf 86' lang='grc' dir='ltr'><strong><em>Δάμωνα</em></strong></span> 
     </span>
     <span class='ocr_line' id='line_1_28' title="bbox 150 3100 2305 3191; baseline 0.003 -24"><span class='ocrx_word' id='word_1_232' title='bbox 150 3101 321 3186; x_wconf 74' lang='grc' dir='ltr'><strong><em>ἐμεῖν</em></strong></span> <span class='ocrx_word' id='word_1_233' title='bbox 391 3103 791 3191; x_wconf 79' lang='grc' dir='ltr'><strong><em>ἐγκεκυφότα</em></strong></span> <span class='ocrx_word' id='word_1_234' title='bbox 858 3103 926 3182; x_wconf 78' lang='grc' dir='ltr'><strong><em>ἐς</em></strong></span> <span class='ocrx_word' id='word_1_235' title='bbox 989 3101 1111 3189; x_wconf 90' lang='grc' dir='ltr'><strong><em>τὴν</em></strong></span> <span class='ocrx_word' id='word_1_236' title='bbox 1175 3103 1559 3170; x_wconf 90' lang='grc' dir='ltr'><strong><em>θάλατταν·</em></strong></span> <span class='ocrx_word' id='word_1_237' title='bbox 1637 3100 1812 3185; x_wconf 84' lang='grc' dir='ltr'><strong><em>εἶτα,</em></strong></span> <span class='ocrx_word' id='word_1_238' title='bbox 1893 3100 2113 3187; x_wconf 83' lang='grc' dir='ltr'><strong><em>οἶμαι,</em></strong></span> <span class='ocrx_word' id='word_1_239' title='bbox 2188 3107 2305 3186; x_wconf 75' lang='grc' dir='ltr'><strong><em>τῆς</em></strong></span> 
     </span>
     <span class='ocr_line' id='line_1_29' title="bbox 152 3204 2304 3294; baseline 0.001 -25"><span class='ocrx_word' id='word_1_240' title='bbox 152 3204 304 3283; x_wconf 80' lang='grc' dir='ltr'><strong><em>νεώς</em></strong></span> <span class='ocrx_word' id='word_1_241' title='bbox 347 3206 728 3290; x_wconf 82' lang='grc' dir='ltr'><strong><em>βιαιότερον</em></strong></span> <span class='ocrx_word' id='word_1_242' title='bbox 760 3205 857 3282; x_wconf 83' lang='grc' dir='ltr'><strong><em>εἰς</em></strong></span> <span class='ocrx_word' id='word_1_243' title='bbox 899 3204 936 3272; x_wconf 78' lang='grc' dir='ltr'><em>ὃ</em></span> <span class='ocrx_word' id='word_1_244' title='bbox 984 3204 1285 3292; x_wconf 74' lang='grc' dir='ltr'><strong><em>ἐκεκύφει</em></strong></span> <span class='ocrx_word' id='word_1_245' title='bbox 1313 3210 1516 3292; x_wconf 89' lang='grc' dir='ltr'><strong><em>μέρος</em></strong></span> <span class='ocrx_word' id='word_1_246' title='bbox 1546 3204 2015 3294; x_wconf 73' lang='grc' dir='ltr'><strong><em>ἐπικλιθείσης</em></strong></span> <span class='ocrx_word' id='word_1_247' title='bbox 2043 3210 2153 3273; x_wconf 85' lang='grc' dir='ltr'><strong><em>καὶ</em></strong></span> <span class='ocrx_word' id='word_1_248' title='bbox 2184 3210 2304 3272; x_wconf 84' lang='grc' dir='ltr'><strong><em>τοῦ</em></strong></span> 
     </span>
     <span class='ocr_line' id='line_1_30' title="bbox 151 3301 2306 3397; baseline 0.001 -27"><span class='ocrx_word' id='word_1_249' title='bbox 151 3301 432 3390; x_wconf 83' lang='grc' dir='ltr'><strong><em>κύματος</em></strong></span> <span class='ocrx_word' id='word_1_250' title='bbox 465 3308 1008 3388; x_wconf 86' lang='grc' dir='ltr'><strong><em>συναπώσαντος,</em></strong></span> <span class='ocrx_word' id='word_1_251' title='bbox 1041 3306 1346 3375; x_wconf 76' lang='grc' dir='ltr'><strong><em>ἐκπεσεῖν</em></strong></span> <span class='ocrx_word' id='word_1_252' title='bbox 1381 3302 1583 3374; x_wconf 79' lang='grc' dir='ltr'><strong><em>αὐτὸν</em></strong></span> <span class='ocrx_word' id='word_1_253' title='bbox 1615 3306 1733 3374; x_wconf 77' lang='grc' dir='ltr'><strong><em>ἐπὶ</em></strong></span> <span class='ocrx_word' id='word_1_254' title='bbox 1762 3307 1882 3397; x_wconf 89' lang='grc' dir='ltr'><strong><em>τὴν</em></strong></span> <span class='ocrx_word' id='word_1_255' title='bbox 1911 3308 2206 3394; x_wconf 87' lang='grc' dir='ltr'><strong><em>κεφαλὴν</em></strong></span> <span class='ocrx_word' id='word_1_256' title='bbox 2239 3307 2306 3384; x_wconf 80' lang='grc' dir='ltr'><strong><em>ἐς</em></strong></span> 
     </span>
     <span class='ocr_line' id='line_1_31' title="bbox 151 3399 2304 3497; baseline 0.001 -25"><span class='ocrx_word' id='word_1_257' title='bbox 151 3406 219 3474; x_wconf 86' lang='grc' dir='ltr'><strong><em>τὸ</em></strong></span> <span class='ocrx_word' id='word_1_258' title='bbox 277 3411 601 3495; x_wconf 88' lang='grc' dir='ltr'><strong><em>πέλαγος,</em></strong></span> <span class='ocrx_word' id='word_1_259' title='bbox 662 3403 816 3476; x_wconf 75' lang='grc' dir='ltr'><strong><em>οὐδὲ</em></strong></span> <span class='ocrx_word' id='word_1_260' title='bbox 870 3407 1116 3495; x_wconf 87' lang='grc' dir='ltr'><strong><em>γυμνὸν</em></strong></span> <span class='ocrx_word' id='word_1_261' title='bbox 1172 3408 1292 3476; x_wconf 82' lang='grc' dir='ltr'><strong><em>τὸν</em></strong></span> <span class='ocrx_word' id='word_1_262' title='bbox 1351 3407 1630 3491; x_wconf 67' lang='grc' dir='ltr'><strong><em>ἄθλιον,</em></strong></span> <span class='ocrx_word' id='word_1_263' title='bbox 1692 3405 1783 3488; x_wconf 80' lang='grc' dir='ltr'><strong><em>ὥς</em></strong></span> <span class='ocrx_word' id='word_1_264' title='bbox 1842 3399 1923 3476; x_wconf 69' lang='grc' dir='ltr'><strong><em>ὃν</em></strong></span> <span class='ocrx_word' id='word_1_265' title='bbox 1972 3413 2083 3475; x_wconf 81' lang='grc' dir='ltr'><strong><em>καὶ</em></strong></span> <span class='ocrx_word' id='word_1_266' title='bbox 2142 3410 2304 3497; x_wconf 78' lang='grc' dir='ltr'><strong><em>ῥᾷον</em></strong></span> 
     </span>
     <span class='ocr_line' id='line_1_32' title="bbox 153 3496 2306 3597; baseline 0.002 -25"><span class='ocrx_word' id='word_1_267' title='bbox 153 3503 486 3576; x_wconf 84' lang='grc' dir='ltr'><strong><em>δύνασθαι</em></strong></span> <span class='ocrx_word' id='word_1_268' title='bbox 545 3524 712 3577; x_wconf 88' lang='grc' dir='ltr'><strong><em>νεῖν·</em></strong></span> <span class='ocrx_word' id='word_1_269' title='bbox 789 3503 996 3588; x_wconf 68' lang='grc' dir='ltr'><strong><em>εὐθὺς</em></strong></span> <span class='ocrx_word' id='word_1_270' title='bbox 1070 3496 1185 3577; x_wconf 79' lang='grc' dir='ltr'><strong><em>οὖν</em></strong></span> <span class='ocrx_word' id='word_1_271' title='bbox 1240 3515 1410 3595; x_wconf 81' lang='grc' dir='ltr'><strong><em>βοᾶν</em></strong></span> <span class='ocrx_word' id='word_1_272' title='bbox 1471 3504 1872 3597; x_wconf 88' lang='grc' dir='ltr'><strong><em>πνιγόμενον</em></strong></span> <span class='ocrx_word' id='word_1_273' title='bbox 1944 3512 2054 3576; x_wconf 88' lang='grc' dir='ltr'><strong><em>καὶ</em></strong></span> <span class='ocrx_word' id='word_1_274' title='bbox 2111 3511 2306 3595; x_wconf 86' lang='grc' dir='ltr'><strong><em>μόγις</em></strong></span> 
     </span>
     <span class='ocr_line' id='line_1_33' title="bbox 153 3605 2407 3697; baseline 0.002 -23"><span class='ocrx_word' id='word_1_275' title='bbox 153 3608 381 3679; x_wconf 78' lang='grc' dir='ltr'><strong><em>ἑαυτόν</em></strong></span> <span class='ocrx_word' id='word_1_276' title='bbox 437 3609 843 3697; x_wconf 76' lang='grc' dir='ltr'><strong><em>ὑπερέχοντα</em></strong></span> <span class='ocrx_word' id='word_1_277' title='bbox 899 3615 1018 3678; x_wconf 84' lang='grc' dir='ltr'><strong><em>τοῦ</em></strong></span> <span class='ocrx_word' id='word_1_278' title='bbox 1074 3606 1425 3690; x_wconf 87' lang='grc' dir='ltr'><strong><em>κλύδωνος.</em></strong></span> <span class='ocrx_word' id='word_1_279' title='bbox 1522 3617 1625 3679; x_wconf 85' lang='lat'><strong><em>20.</em></strong></span> <span class='ocrx_word' id='word_1_280' title='bbox 1686 3611 1802 3678; x_wconf 82' lang='grc' dir='ltr'><strong><em>τὸν</em></strong></span> <span class='ocrx_word' id='word_1_281' title='bbox 1867 3611 1939 3678; x_wconf 80' lang='grc' dir='ltr'><strong><em>δὲ</em></strong></span> <span class='ocrx_word' id='word_1_282' title='bbox 2000 3605 2295 3678; x_wconf 75' lang='grc' dir='ltr'><strong><em>Εὗθύδι-</em></strong></span> <span class='ocrx_word' id='word_1_283' title='bbox 2330 3617 2407 3672; x_wconf 78' lang='lat'><strong><em>20</em></strong></span> 
     </span>
     <span class='ocr_line' id='line_1_34' title="bbox 153 3706 2305 3800; baseline 0 -23"><span class='ocrx_word' id='word_1_284' title='bbox 153 3736 290 3793; x_wconf 87' lang='grc' dir='ltr'><strong><em>κον,</em></strong></span> <span class='ocrx_word' id='word_1_285' title='bbox 357 3709 450 3790; x_wconf 83' lang='grc' dir='ltr'><strong><em>ὥς</em></strong></span> <span class='ocrx_word' id='word_1_286' title='bbox 512 3711 751 3799; x_wconf 80' lang='grc' dir='ltr'><strong><em>ἤκουσε</em></strong></span> <span class='ocrx_word' id='word_1_287' title='bbox 817 3749 896 3761; x_wconf 91' lang='lat'><strong><em>—·-</em></strong></span> <span class='ocrx_word' id='word_1_288' title='bbox 961 3728 1179 3797; x_wconf 88' lang='grc' dir='ltr'><strong><em>τυχεῖν</em></strong></span> <span class='ocrx_word' id='word_1_289' title='bbox 1245 3714 1316 3780; x_wconf 80' lang='grc' dir='ltr'><strong><em>δὲ</em></strong></span> <span class='ocrx_word' id='word_1_290' title='bbox 1370 3713 1615 3800; x_wconf 86' lang='grc' dir='ltr'><strong><em>γυμνὸν</em></strong></span> <span class='ocrx_word' id='word_1_291' title='bbox 1670 3712 1740 3779; x_wconf 75' lang='grc' dir='ltr'><strong><em>ἐν</em></strong></span> <span class='ocrx_word' id='word_1_292' title='bbox 1795 3716 1877 3798; x_wconf 82' lang='grc' dir='ltr'><strong><em>τῇ</em></strong></span> <span class='ocrx_word' id='word_1_293' title='bbox 1932 3706 2087 3800; x_wconf 78' lang='grc' dir='ltr'><strong><em>εὐνῇ</em></strong></span> <span class='ocrx_word' id='word_1_294' title='bbox 2143 3709 2305 3780; x_wconf 70' lang='grc' dir='ltr'><strong><em>ὄντα</em></strong></span> 
     </span>
     <span class='ocr_line' id='line_1_35' title="bbox 156 3813 2307 3903; baseline -0.001 -20"><span class='ocrx_word' id='word_1_295' title='bbox 156 3849 228 3860; x_wconf 84' lang='grc'><strong>-</strong></span> <span class='ocrx_word' id='word_1_296' title='bbox 316 3817 519 3901; x_wconf 81' lang='grc' dir='ltr'><strong><em>ῥῖψαι</em></strong></span> <span class='ocrx_word' id='word_1_297' title='bbox 593 3815 830 3884; x_wconf 74' lang='grc' dir='ltr'><strong><em>ἑαυτὸν</em></strong></span> <span class='ocrx_word' id='word_1_298' title='bbox 905 3815 972 3893; x_wconf 77' lang='grc' dir='ltr'><strong><em>ἐς</em></strong></span> <span class='ocrx_word' id='word_1_299' title='bbox 1043 3813 1160 3903; x_wconf 85' lang='grc' dir='ltr'><strong><em>τῆν</em></strong></span> <span class='ocrx_word' id='word_1_300' title='bbox 1231 3816 1586 3883; x_wconf 90' lang='grc' dir='ltr'><strong><em>θάλατταν</em></strong></span> <span class='ocrx_word' id='word_1_301' title='bbox 1657 3817 1767 3882; x_wconf 86' lang='grc' dir='ltr'><strong><em>καὶ</em></strong></span> <span class='ocrx_word' id='word_1_302' title='bbox 1841 3815 2307 3900; x_wconf 88' lang='grc' dir='ltr'><strong><em>καταλαβόντα</em></strong></span> 
     </span>
     <span class='ocr_line' id='line_1_36' title="bbox 155 3909 2305 4005; baseline 0.002 -26"><span class='ocrx_word' id='word_1_303' title='bbox 155 3914 259 3981; x_wconf 84' lang='grc' dir='ltr'><strong><em>τὸν</em></strong></span> <span class='ocrx_word' id='word_1_304' title='bbox 312 3917 616 4001; x_wconf 89' lang='grc' dir='ltr'><strong><em>Δάμωνα</em></strong></span> <span class='ocrx_word' id='word_1_305' title='bbox 670 3912 794 4005; x_wconf 84' lang='grc' dir='ltr'><strong><em>ἤδη</em></strong></span> <span class='ocrx_word' id='word_1_306' title='bbox 855 3909 1366 4003; x_wconf 77' lang='grc' dir='ltr'><strong><em>ἄπαγορεύοντα</em></strong></span> <span class='ocrx_word' id='word_1_307' title='bbox 1425 3955 1511 3964; x_wconf 94' lang='grc'>-</span> <span class='ocrx_word' id='word_1_308' title='bbox 1568 3921 1947 4005; x_wconf 88' lang='grc' dir='ltr'><strong><em>φαίνεσθαι</em></strong></span> <span class='ocrx_word' id='word_1_309' title='bbox 2004 3916 2130 4003; x_wconf 85' lang='grc' dir='ltr'><strong><em>γὰρ</em></strong></span> <span class='ocrx_word' id='word_1_310' title='bbox 2190 3915 2305 3983; x_wconf 77' lang='grc' dir='ltr'><strong><em>ἐπὶ</em></strong></span> 
     </span>
     <span class='ocr_line' id='line_1_37' title="bbox 159 4017 2304 4108; baseline 0.001 -27"><span class='ocrx_word' id='word_1_311' title='bbox 159 4017 321 4084; x_wconf 82' lang='grc' dir='ltr'><strong><em>πολὺ</em></strong></span> <span class='ocrx_word' id='word_1_312' title='bbox 348 4022 560 4086; x_wconf 75' lang='grc' dir='ltr'><strong><em>ταῦτα</em></strong></span> <span class='ocrx_word' id='word_1_313' title='bbox 605 4022 724 4106; x_wconf 87' lang='grc' dir='ltr'><strong><em>τῆς</em></strong></span> <span class='ocrx_word' id='word_1_314' title='bbox 771 4018 1047 4105; x_wconf 89' lang='grc' dir='ltr'><strong><em>σελήνης</em></strong></span> <span class='ocrx_word' id='word_1_315' title='bbox 1077 4019 1647 4108; x_wconf 89' lang='grc' dir='ltr'><strong><em>καταλαμπούσης</em></strong></span> <span class='ocrx_word' id='word_1_316' title='bbox 1675 4057 1761 4066; x_wconf 93' lang='grc'>-</span> <span class='ocrx_word' id='word_1_317' title='bbox 1790 4019 2304 4107; x_wconf 78' lang='grc' dir='ltr'><strong><em>παρανήχεσθάι</em></strong></span> 
     </span>
    </p>
   </div>
  </div>
 </body>
</html>
