2750 4534
371 272 493 333 270
1328 273 1589 328 mcum

583 444 661 511 τὸ
692 443 715 529 ss
748 448 849 511 ἐπὶ
893 454 989 512 τῶ
1032 456 1127 512 τῶ
1174 448 1307 525 (sie)
1352 449 1502 527 Upfl.
1553 449 1655 512 ἐπὶ
1697 444 1776 513 τὸ
1818 445 1896 512 τὸ
1952 453 2109 512 1324
2158 484 2240 497 --
2285 454 2541 518 Σικυώ-

582 572 729 613 νιον
760 544 785 630 ΙΙ
818 600 831 613 .
880 599 894 615 .
944 600 958 615 .
1008 573 1105 614 ων
1164 550 1315 628 Upe.
1372 582 1458 595 —-·
1518 546 1842 631 Ἀχαρνῆσι
1885 546 1912 632 ss
1954 548 2310 633 Ἀχαρνῆισι
2375 560 2536 617 1324

582 684 663 697 -
708 648 799 727 ὡς
840 646 989 717 τότε
1041 675 1153 727 μοι
1198 648 1462 716 ἄνωθεν
1505 648 1530 733 ss
1573 648 1833 717 ἄνωθεν
1889 649 2041 718 τότε
2091 677 2205 729 μοι
2260 674 2378 718 om.
2443 655 2536 734 ὡς

577 754 725 832 Ups.
783 787 869 801 -
922 754 1221 832 ἐφαίνετο
1276 751 1301 835 ΙΙ
1353 804 1366 817 .
1431 804 1446 820 .
1507 778 1708 819 νοντο
1764 749 1834 813 Ω
1897 790 1973 801 -
2035 754 2199 820 κατὰ
2255 754 2460 837 λόγον
2515 757 2538 843 Ι

588 870 705 937 απ.
755 876 957 959 λόγον
1005 875 1052 939 Γ
1097 884 1205 944 καὶ
1241 875 1446 959 λόγον
1491 882 1639 959 UPS·
1683 914 1768 925 -
1812 880 1992 957 Οἶμαί
2035 877 2058 964 ΙΙ
2098 877 2222 947 θῧν
2251 884 2398 964 ΠΡΒ·
2450 920 2527 930 *-

567 939 709 973 κατα

578 1003 1201 1089 πολυπλεθρότατος
1232 1006 1257 1091 ss
1287 1059 1302 1074 .
1352 1058 1368 1073 .
1417 1030 1490 1073 ω.
1549 1006 1696 1086 ΠΡΒ.
1755 1041 1841 1054 --
1902 1006 2357 1093 Ἐπικουρείων
2389 1011 2459 1091 ΙΙ.
2510 1064 2525 1077 .

576 1116 738 1191 ρι’ων
782 1106 834 1170 Γ
895 1144 976 1155 -
1033 1106 1178 1172 εἶτα
1233 1107 1351 1191 τὴν
1409 1119 1562 1175 Κυν.
1600 1107 1624 1187 ss
1657 1114 1764 1173 καὶ
1815 1134 1866 1175 τ.
1929 1118 1996 1175 K.
2059 1111 2207 1173 Urb.
2264 1145 2346 1158 —
2404 1121 2528 1195 γῆν

578 1208 734 1276 ἰδὼν
778 1208 803 1295 ss
850 1217 923 1277 ἰὸ.
972 1238 1025 1292 γ.
1076 1213 1222 1274 Urb.
1268 1247 1349 1257 —
1398 1209 1481 1276 ἂν
1526 1212 1764 1291 ἐγέλων
1811 1208 1835 1294 ss
1878 1210 2205 1293 α’νεγέλων
2248 1216 2396 1277 Urb.
2445 1251 2530 1262 —

578 1310 739 1379 ὅλον
772 1312 795 1394 ΙΙ
828 1311 1008 1392 ὅλοις
1050 1316 1200 1377 Urb.
1246 1348 1328 1359 —
1374 1318 1512 1393 Αἰγ.
1563 1322 1782 1393 φακοῦ
1814 1311 1838 1396 ΙΙ
1869 1338 1934 1393 φ.
1987 1320 2124 1395 Αἰγ.
2174 1312 2243 1376 Ω
2288 1352 2371 1363 -—

364 1451 415 1494 ο.
456 1438 551 1494 19.
590 1433 779 1509 Οἶμαί
823 1450 890 1499 σε
922 1430 945 1515 ss
979 1432 1156 1509 οἶμαι
1193 1449 1245 1498 σ.
1296 1430 1346 1492 Γ
1394 1467 1477 1479 —-
1521 1434 1736 1511 ἐνίους
1783 1436 1848 1497 δὲ
1881 1432 1904 1514 ΙΙ
1937 1434 2022 1499 ἐν.
2073 1432 2143 1498 ‹5’
2185 1429 2306 1494 ΩΓ
2353 1468 2440 1479 -
2483 1433 2525 1498 ὃ

573 1538 691 1613 μέν
720 1560 816 1613 τις
848 1532 872 1617 ss
905 1553 1021 1597 om.
1052 1559 1149 1611 τις
1179 1533 1233 1598 ἦ
1264 1568 1346 1579 -—
1391 1534 1708 1617 ἡμίτομον
1741 1531 1764 1617 ΙΙ
1796 1540 1904 1599 καὶ
1949 1532 2048 1617 ἣμ.
2102 1540 2260 1597 1324
2305 1568 2386 1579 -
2430 1560 2532 1612 τις

576 1663 628 1702 τ.
664 1632 917 1721 κόπρον
950 1634 973 1721 ss
1006 1656 1122 1701 om.
1154 1660 1249 1714 τις
1279 1638 1427 1699 Urb.
1467 1671 1548 1682 —
1595 1634 1765 1715 εἰκὸς
1794 1642 1860 1703 δὲ
1891 1634 2064 1701 εἶναι
2095 1634 2122 1721 ss
2151 1634 2319 1715 εἰκὸς
2350 1642 2416 1701 δὲ
2446 1633 2530 1718 ἧν

574 1735 844 1802 ΩΓΠΓΒ.
889 1774 972 1785 --
1030 1736 1195 1806 κατὰ
1251 1737 1454 1820 λόγον
1499 1739 1522 1821 ss
1565 1736 1934 1820 κατάλογον
1978 1737 2028 1800 Γ
2087 1759 2202 1803 om.
2247 1741 2394 1819 Ups.
2441 1775 2524 1784 -—

572 1849 679 1907 καὶ
723 1846 920 1907 οἰκοδ.
958 1842 982 1923 ΙΙ
1014 1862 1131 1904 om.
1161 1848 1269 1907 καὶ
1314 1838 1386 1903 Ω
1417 1876 1500 1889 -
1544 1838 1826 1927 ἐῴκεσαν
1857 1840 1883 1925 fl
1911 1844 2043 1905 sine
2087 1868 2110 1907 ι
2142 1837 2189 1901 Γ
2218 1840 2529 1906 έώκεισαν

571 1942 772 2006 21Urb.
817 1976 900 1987 —
932 1947 1108 2008 δοκεῖ
1146 1940 1384 2025 μικρὸν
1417 1940 1440 2026 ss
1511 1968 1572 2020 μ.
1619 1949 1669 2009 ὃ.
1719 1940 1921 2006 PUrb.
1967 1978 2047 1988 —
2077 1949 2156 2024 τῇ
2189 1940 2213 2025 ss
2245 1963 2360 2005 om.
2407 1969 2428 2004 ι
2471 1938 2528 2001 Γ

574 2076 659 2089 --
704 2050 993 2128 πολιτείᾳ
1025 2041 1049 2127 ss
1081 2046 1213 2107 sino
1256 2071 1279 2109 ι
1330 2042 1381 2105 Γ
1432 2078 1505 2089 -
1555 2042 1632 2110 τὸ
1691 2042 2091 2127 ἀνθρώπους
2136 2048 2247 2110 εἰκ.
2299 2042 2324 2127 ss
2367 2041 2527 2121 τοὺς

573 2169 761 2253 ἅνθρ.
810 2176 919 2237 εἰκ.
970 2174 1119 2250 ΠΡΒ.
1163 2205 1246 2217 -
1290 2179 1428 2237 τῶν
1481 2179 1818 2238 Θετταλῶν
1851 2169 1875 2253 ΙΙ
1907 2161 2030 2262 2:22
2078 2168 2129 2230 Γ
2157 2207 2242 2218 -
2274 2169 2525 2253 ἑώρατο

574 2298 593 2382 ΙΙ
620 2300 870 2381 ἑωρᾶτο
900 2294 952 2358 Γ
975 2335 1057 2346 -
1088 2300 1512 2381 Μυρμίὸονας
1545 2298 1568 2379 ss
1597 2304 1725 2381 μηδ
1750 2300 1894 2378 Upe-
1919 2330 2004 2343 ——
2027 2301 2523 2379 κατεγεγέλαστο

570 2449 590 2535 ss
633 2455 1055 2532 κατεγέλαστο
1098 2453 1247 2530 ΠΡΒ.
1293 2486 1374 2497 -
1422 2457 1738 2528 διασείσας
1769 2448 1793 2535 ss
1826 2417 2141 2529 ὁιαῖῖείὲας
2182 2447 2232 2508 Γ

362 2589 413 2631 ο.
449 2575 550 2632 20.
582 2574 925 2653 προϊεμένη
956 2568 980 2653 ΙΙ
1013 2572 1334 2654 προεμένη
1364 2575 1506 2648 post
1532 2593 1572 2634 ο
1601 2588 1720 2633 ras.
1755 2566 1802 2628 Γ
1826 2572 2144 2651 προεμένη
2183 2573 2343 2631 1324
2365 2569 2518 2646 Πρε.

577 2705 652 2716 -
687 2675 791 2753 δέῃ
824 2671 849 2751 ΙΙ
880 2673 1009 2735 sine
1052 2698 1077 2735 ι
1119 2668 1169 2731 Γ
1170 2673 1319 2749 Ups.
1364 2704 1448 2717 -
1491 2676 1846 2751 Πρεσβείαν
1877 2722 1892 2736 .
1925 2722 1938 2735 .
1975 2722 1989 2735 .
2026 2672 2128 2735 Διί
2158 2667 2182 2753 ΙΙ
2213 2689 2328 2731 om.
2369 2668 2522 2747 Ups.

570 2808 651 2819 -—
684 2772 1025 2853 οἷπένεγκαι
1055 2774 1079 2855 ΙΙ
1113 2772 1456 2852 α’πενέγκαι
1487 2769 1538 2831 Γ
1561 2806 1646 2818 -
1675 2770 1714 2853 ἢ
1743 2777 1851 2837 καὶ
1884 2769 1907 2855 ΙΙ
1939 2778 2068 2852 καὶ,
2098 2792 2216 2835 om.
2245 2769 2284 2852 ἢ
2315 2766 2517 2832 FUrb.

570 2876 657 2953 (in
694 2871 739 2935 Γ
770 2881 913 2939 anto
957 2900 996 2940 κ
1024 2877 1172 2952 ras.)
1199 2909 1282 2921 —-
1312 2881 1614 2954 γίγνομαι
1645 2872 1669 2953 ΙΙ
1701 2898 1820 2953 γιν.
1857 2874 2060 2938 21Urb.
2087 2906 2172 2919 —-
2199 2876 2276 2950 μέ
2320 2888 2522 2952 φασιν

565 2974 588 3060 Ι
628 2980 696 3042 τέ
746 3001 823 3054 με
866 3000 929 3057 φ.
979 2972 1048 3039 Ω
1101 2981 1262 3039 1324
1308 2982 1508 3055 φασὶν
1553 2976 1718 3041 εἶναι
1759 3000 1872 3052 μοι
1916 2977 2064 3054 Ups.
2106 2998 2185 3051 με
2233 2980 2434 3053 φασὶν
2462 2968 2519 3031 Γ

575 3113 650 3124 -
697 3086 811 3157 μοι’
839 3096 1035 3159 φασιν
1068 3074 1092 3160 ΙΙ
1126 3095 1283 3157 φασι
1314 3102 1447 3154 μου
1491 3073 1560 3140 Ω
1592 3111 1673 3122 -
1705 3075 1988 3156 ἀδελφὸν
2021 3076 2043 3157 ΙΙ
2074 3073 2192 3141 τὸν
2236 3071 2522 3154 ἀδελφὸν

567 3184 715 3245 Urb.
764 3216 843 3231 --
890 3178 1050 3247 ὄντα
1083 3178 1107 3263 ss
1138 3177 1301 3246 ὄντα
1344 3204 1476 3256 μου
1519 3174 1588 3239 Ω

358 3321 409 3364 c.
446 3306 547 3365 21.
580 3309 782 3383 σχῆμα
814 3297 837 3382 ss
870 3306 1009 3379 post
1052 3324 1091 3363 α
1137 3318 1349 3361 rasura
1394 3293 1447 3358 Γ
1477 3332 1560 3345 -
1590 3299 1856 3379 πρέπειν
1889 3293 1914 3378 ss
1945 3298 2197 3378 πρέπον
2238 3295 2387 3372 Up8.
2435 3324 2522 3337 --

569 3405 672 3468 ἐπὶ
716 3410 951 3485 σκηνῆς
986 3403 1009 3483 ΙΙ
1039 3404 1140 3466 ἐπὶ
1183 3410 1295 3483 τῆς
1340 3417 1435 3466 σκ.
1483 3394 1536 3459 Γ
1590 3404 1748 3461 1324
1779 3432 1862 3445 -·
1891 3394 2523 3481 νυκτερινώτατονῆ

565 3557 579 3572 .
614 3557 627 3571 .
664 3557 678 3572 .
716 3501 963 3588 ώτερον
994 3504 1047 3568 U
1076 3538 1161 3553 --
1190 3498 1688 3583 ἐνεκαλυψάμην
1721 3498 1743 3583 ΙΙ
1777 3503 1856 3565 ἐπ
1885 3552 1900 3565 .
1935 3550 1950 3565 .
1985 3501 2134 3561 Urh.
2181 3534 2258 3547 -
2305 3499 2522 3576 διέφυ-

567 3632 687 3687 γον
718 3604 743 3690 ΙΙ
776 3608 1019 3686 ἔφυγον
1049 3601 1118 3668 Ω
1163 3641 1246 3657 --
1294 3603 1380 3669 ἵν’
1409 3656 1424 3669 .
1458 3653 1474 3670 .
1507 3655 1522 3669 .
1558 3606 1865 3683 διέφυγον
1897 3602 1922 3683 ΙΙ
1954 3598 2154 3681 Sus&
2191 3651 2206 3666 .
2242 3651 2256 3666 .
2293 3595 2521 3678 διαφύ-

561 3734 743 3790 γοιμι
773 3728 890 3773 om.
922 3706 1004 3773 ἂν
1035 3710 1185 3785 Ups.
1214 3741 1300 3755 --
1328 3731 1391 3783 μ.
1426 3713 1656 3771 τοίνυν
1688 3703 1712 3788 ΙΙ
1740 3730 1802 3782 μ.
1839 3700 1962 3770 οὖν
1985 3698 2518 3782 ΩἳΙωιδ.)ΓΠρ8.

562 3848 646 3859 -
692 3810 771 3893 ἢν
812 3807 899 3892 μὴ
930 3807 1022 3894 1Ιῆ
1066 3807 1151 3891 μὴ
1196 3810 1345 3871 Urb.
1392 3843 1477 3856 --
1520 3809 1804 3883 ἐκείνους
1837 3804 1861 3889 ss
1893 3808 2138 3882 ἐκεῖνος
2182 3799 2304 3863 ΩΓ
2356 3806 2518 3863 1324

563 3950 649 3961 —-
680 3915 1051 3993 ἐπιστομίσῃ
1085 3910 1109 3995 ss
1141 3932 1241 3993 ιση
1274 3930 1353 3973 ex
1378 3928 1516 3993 ησει
1561 3929 1718 3971 corr.
1749 3909 1872 3971 alia
1900 3926 2086 3969 manu
2112 3903 2163 3966 Γ
2211 3938 2296 3949 -
2341 3903 2519 3969 Ἀκα-

568 4018 797 4098 δημίαν
830 4014 854 4098 ss
883 4040 984 4093 μει
1028 4012 1078 4073 Γ
1124 4050 1207 4063 --
1246 4016 1323 4078 ἐν
1367 4027 1508 4091 τοῖς
1551 4036 1614 4077 π.
1651 4008 1676 4094 ss
1707 4030 1825 4073 om.
1869 4024 2011 4087 τοῖς
2053 4003 2177 4069 ΩΓ
2228 4042 2302 4055 -·-
2350 4004 2519 4087 παρ’
