2750 4534
885 244 1047 298 ΖΕΥΣ
1085 245 1586 298 ΕΔΕΓΧΟΜΕΝΟΣ.
2224 242 2301 299 91

143 410 208 475 εἰ
269 411 359 499 μὴ
412 414 770 495 μεταμέλει
817 434 926 480 σοι
986 412 1250 481 ἐκείνων
1295 417 1403 479 καὶ
1465 417 1928 496 μετατίθεσθε
1975 398 2179 491 αὖθις
2221 414 2305 479 τὰ

139 512 463 599 εἰρημένα
527 516 638 580 καὶ
705 515 1190 603 ἀμφισβητεῖτε
1255 518 1373 600 τῆς
1434 521 1762 600 προνοίας
1822 515 2303 600 παρωσάμενοι

134 614 266 701 τὴν
313 616 751 703 Εἱμαρμένην.

326 722 418 783 11.
467 721 716 782 ΖΕΥΣ.
776 711 1120 800 Οὐδαμῶς,
1169 710 1316 783 ιῗιλλ>
1349 714 1391 806 ἡ
1428 723 1666 803 Μοῖρα
1698 710 1794 784 δι’
1841 712 2027 804 ἡμῶν
2057 717 2300 784 ἕκαστα
2336 730 2405 783 11

135 814 461 883 ἐπιτελεῖ.

315 924 526 983 ΚΥΝ.
615 913 1010 985 Μανθάνω·
1069 915 1401 1007 ὑπηρέται
1443 922 1555 986 καὶ
1602 918 1906 987 διάκονοί
1947 943 2123 997 τινες
2166 922 2299 984 τῶν

133 1023 434 1104 Μοιρῶν
466 1016 639 1086 εἶναί
684 1046 876 1108 φατε.
953 1019 1129 1110 πλὴν
1161 1015 1332 1087 ἀλλὰ
1363 1024 1475 1088 καὶ
1512 1013 1723 1099 οὕτως
1762 1015 2012 1087 ἐκεῖναι
2058 1012 2137 1087 ὃν
2170 1018 2300 1087 εἷεν

137 1122 213 1187 αἱ
265 1124 710 1205 προνοοῦσαι,
764 1118 952 1206 ὑμεῖς
998 1123 1070 1189 δὲ
1117 1118 1347 1206 ῶσπερ
1394 1122 1588 1211 σκεύη
1634 1122 1785 1190 τινὰ
1830 1125 1937 1189 καὶ
1987 1116 2300 1209 ἐργαλεῖά

134 1223 294 1289 ἕστε
341 1221 575 1290 αὐτῶν.

312 1331 561 1391 ΖΕΥΣ.
619 1330 783 1405 Πῶς
829 1328 1072 1413 λέγεις;

313 1435 379 1493 Κ
388 1436 524 1494 ΥΝ.
575 1420 863 1513 (Ὠσπερ,
923 1425 1114 1512 οἶμαι
1127 1481 1145 1510 ,
1204 1430 1314 1494 καὶ
1359 1426 1437 1494 τὸ
1487 1433 1857 1511 σκέπαρνον
1900 1432 1996 1513 τῷ
2042 1434 2297 1495 τέκτονι

131 1531 252 1595 καὶ
285 1528 362 1595 τὸ
393 1529 733 1614 τρύπανον
773 1544 1068 1616 συνεργεῖ
1109 1533 1230 1613 μέν
1275 1556 1341 1596 τι
1388 1528 1562 1617 πρὸς
1604 1527 1724 1617 τὴν
1768 1534 2028 1617 τέχνην,
2077 1524 2297 1609 οἰδεὶς

29 1625 200 1695 635δ’
261 1657 339 1696 αν
373 1629 560 1697 εἴποι
590 1627 680 1708 ὡς
708 1634 918 1697 ταῦτα
948 1628 983 1697 ὃ
1029 1638 1326 1719 τεχνίτης
1373 1630 1571 1709 ἐστίν,
1621 1624 1767 1697 οὐδ’
1817 1627 1855 1716 ἡ
1904 1635 2061 1708 ναῦς
2107 1632 2295 1716 ε’ργον

129 1736 258 1798 τοῦ
324 1732 698 1818 σκεπάρνου
765 1723 805 1821 ἢ
870 1736 988 1799 τοῦ
1051 1727 1425 1818 τρυπάνου,
1495 1726 1664 1798 ἀλλὰ
1729 1737 1846 1801 τοῦ
1915 1738 2292 1821 ναυπηγοῦ·

131 1829 468 1919 ἀνάλογον
526 1841 748 1901 τοίνυν
805 1831 844 1920 ἡ
899 1836 1020 1918 μὲν
1082 1840 1585 1923 ναυπηγουμένη
1646 1835 1890 1901 ε’καστα
1953 1832 1991 1920 ἡ
2042 1837 2295 1921 Εἱμαρ-

128 1942 300 2022 μένη
336 1934 536 2016 ἐστίν,
583 1933 771 2019 ὑμεῖς
816 1937 888 2002 δὲ
918 1936 1227 2021 τρύπανα
1261 1933 1392 2022 ἄρα
1427 1939 1539 2003 καὶ
1584 1936 1922 2022 σκέπαρνά
1972 1935 2119 2003 ἕστε
2160 1942 2294 2003 τῶν

131 2041 462 2123 Μοιρῶν·
507 2044 638 2119 καί,
686 2034 776 2116 ῶς
808 2037 1036 2119 ἔοικεν,
1085 2040 1150 2105 οἱ
1195 2034 1559 2121 ἅνθρωποι
1606 2039 1755 2107 δέον
1800 2043 1880 2126 τῇ
1913 2040 2292 2127 Εἱμαρμένῃ

128 2135 335 2207 θύειν
390 2142 499 2206 καὶ
557 2134 728 2227 παρ’
789 2136 1044 2228 ἐκείνης
1103 2139 1312 2207 αἰτεῖν
1355 2136 1657 2226 τάγαθά,
1721 2142 1787 2207 οἱ
1836 2136 1903 2206 δ’
1957 2135 2070 2230 ἐφ’
2122 2138 2295 2226 ὑμᾶς

129 2243 284 2308 ἰἀσι
331 2241 698 2325 προσόδοις
743 2245 849 2308 καὶ
911 2247 1190 2321 θυσίαις
1233 2248 1683 2327 γεραίροντες·
1748 2244 1811 2309 οἱ
1860 2236 1923 2307 δ’
1979 2237 2131 2310 οὐδὲ
2176 2244 2294 2332 τὴν

131 2345 561 2431 Εἱμαρμένην
613 2347 933 2427 τιμῶντες
979 2334 1058 2409 ἇῖν
1107 2339 1172 2422 ἒς
1218 2344 1366 2410 δέον
1415 2338 1574 2411 αὐτὸ
1628 2344 1989 2432 ἔπραττον·
2048 2339 2123 2412 οὗ
2168 2346 2291 2431 γάρ

131 2442 334 2529 οἶμαι
379 2444 657 2511 δυνατὸν
705 2442 879 2512 εἶναι
925 2440 1078 2512 οῦδὲ
1123 2440 1358 2523 αὐταῖς
1404 2446 1501 2513 ἔτι
1547 2460 1693 2523 ταῖς
1737 2452 2040 2531 Μοίραις
2086 2443 2291 2512 ἀλλά-

133 2547 252 2625 ξαι
294 2550 406 2613 καὶ
452 2550 871 2632 μετατρέψαι
901 2573 970 2614 τι
1014 2550 1145 2615 τῶν
1191 2545 1263 2625 ἐξ
1305 2542 1508 2634 ἀρχῆς
1556 2547 1890 2625 δοξάντων
1934 2550 2095 2631 περὶ
2141 2546 2291 2613 ἑκά-

128 2666 330 2713 στου·
388 2644 428 2735 ἡ
486 2651 641 2733 γοῦν
671 2643 1014 2734 ’Ἀτροπος
1074 2642 1190 2714 οὐκ
1248 2641 1591 2731 ἀνάσχοιτ’
1658 2644 1771 2728 ἄν,
1834 2648 1900 2714 εἴ
1946 2673 2049 2726 τις
2096 2647 2162 2725 ἐς
2212 2648 2286 2713 τὸ

128 2748 438 2816 ἐναντίον
497 2754 812 2834 στρέψειε
866 2749 983 2815 τὸν
1045 2745 1371 2833 ἄτρακτον
1430 2743 1733 2816 ἀναλύων
1788 2752 1904 2838 τῆς
1956 2752 2291 2827 Κλωθοῦς

125 2849 206 2916 τὸ
259 2850 468 2935 ἔργον.

310 2958 410 3017 12.
457 2958 704 3018 ΖΕΥΣ.
774 2950 866 3018 Σὺ
929 2948 994 3017 δ’
1043 2949 1202 3040 ἤδη,
1261 2938 1313 3018 a}
1361 2959 1679 3035 Κυνίσκε,
1740 2948 1891 3020 οὐδὲ
1938 2952 2056 3031 τὰς
2102 2960 2287 3021 Μοί-
2326 2962 2396 3015 12

130 3078 256 3137 ρας
314 3058 652 3136 τιμᾶσθαι
705 3060 876 3141 πρὸς
920 3058 1051 3120 τῶν
1109 3053 1496 3139 ἀνθρώπων
1543 3049 1794 3138 άξιοῖς;
1854 3050 2002 3122 ἀλλ’
2071 3057 2292 3132 ἔοικας

130 3149 410 3222 ἅπαντα
469 3170 723 3241 συγχεῖν
782 3162 1293 3241 προαιρεῖσθαι.
1382 3153 1574 3245 ἡμεῖς
1632 3157 1703 3224 δὲ
1750 3157 1810 3223 εἰ
1854 3160 1961 3224 καὶ
2008 3158 2292 3245 μηδενὸς

134 3254 340 3323 ἄλλου
389 3256 604 3335 ἕνεκα,
653 3262 774 3324 τοῦ
815 3283 889 3344 γε
930 3258 1387 3341 μαντεύεσθαι
1432 3262 1545 3327 καὶ
1591 3262 1998 3346 προμηνύειν
2045 3260 2292 3325 ἕκαστα

128 3362 263 3425 τῶν
310 3356 444 3426 ῦπὸ
493 3364 611 3446 τῆς
649 3366 916 3444 Μοίρας
962 3366 1426 3446 κεκυρωμένων
1473 3362 1749 3438 δικαίως
1791 3357 2132 3447 τιμῴμεθ’
2188 3357 2287 3428 ἄν.

305 3469 516 3528 KYN.
605 3460 696 3528 To*
744 3463 865 3545 μὲν
911 3457 1098 3543 ὅλον,
1163 3458 1515 3549 ἄχρηστον,
1576 3449 1630 3527 ῶ
1674 3466 1838 3543 Ζεῦ,
1898 3463 2288 3549 προειδέναι

128 3564 213 3629 τὰ
259 3564 590 3647 μέλλοντα
638 3564 738 3642 οἷς
779 3590 852 3650 γε
894 3563 971 3631 τὸ
1022 3564 1464 3653 φυλάξασθαι
1510 3559 1677 3631 αὐτὰ
1726 3564 1996 3643 πάντως
2040 3558 2286 3630 ἀδύνα-

127 3683 278 3731 τον·
341 3663 530 3743 ἐκτός
590 3665 648 3732 εἰ
703 3664 791 3752 μὴ
849 3669 1045 3733 τοῦτο
1105 3666 1267 3753 φής,
1332 3662 1425 3745 ὥς
1470 3662 1504 3733 o‘
1556 3665 1938 3751 προμαθών
1999 3659 2105 3731 ὅτι
2159 3660 2280 3731 ὑπ’

39 3780 114 3831 636
133 3767 377 3856 αἰχμῆς
423 3768 701 3855 σιδηρᾶς
743 3767 1158 3855 τεθνήξεται,
1207 3762 1463 3835 δύναιτ’
1519 3757 1599 3835 ὂῖν
1646 3767 1949 3854 ἐκφυγεῖν
1992 3766 2109 3834 τὸν
2154 3767 2292 3834 θά-

132 3895 333 3936 νατον
377 3869 740 3953 καθείρξας
794 3869 1060 3937 ἑαυτόν·
1108 3864 1259 3936 ἄλλ’
1314 3865 1672 3936 ἀδύνατον·
1735 3869 1952 3955 ἐξάγει
1994 3868 2120 3964 γὰρ
2171 3864 2289 3936 αύ-

129 3972 248 4040 τόν
308 3968 347 4057 ἡ
411 3978 648 4058 Μοῖρα
700 3972 1220 4061 κυνηγετήσοντα
1279 3976 1390 4039 καὶ
1450 3973 1839 4058 παραδώσει
1909 3976 1991 4060 τῇ
2052 3972 2283 4060 αἰχμῇ·
