2750 4534
405 239 486 296 76
1268 234 1685 299 [ΛΟΥΚΙΑΝΟΥ]

407 408 698 491 δασμοῦ,
757 405 834 472 ὃν
893 406 957 473 οἱ
1003 407 1441 490 Βοσπορανοὶ
1502 397 1607 472 ἇεὶ
1652 409 1971 492 φέροντες
2028 399 2185 490 ἡμῖν
2242 401 2399 468 τότε
2444 397 2567 488 ἤδη

402 515 630 594 τρίτον
684 511 861 595 μῆνα
919 504 1328 595 ὑπερήμεροι
1388 505 1786 596 ἐγεγένηντο.
1875 506 1946 572 ἐν
1989 509 2087 592 τῷ
2133 505 2391 589 δείπνῳ
2458 529 2569 570 ουν

408 609 568 677 ἰδών
613 608 733 696 τὴν
777 609 1097 690 Μαζαίαν
1144 609 1437 728 μεγάλην
1480 611 1594 676 καὶ
1637 607 1844 696 καλὴν
1888 611 2239 695 παρθένον
2282 601 2418 694 η’ρα
2462 609 2570 672 καὶ

407 712 719 800 πονήρως
767 708 920 794 εἶχε.
993 710 1078 778 τὰ
1120 712 1243 796 μὲν
1291 737 1408 778 ουν
1455 715 1615 799 περὶ
1658 714 1794 777 τῶν
1831 709 2065 797 φόρων
2112 708 2570 792 διεπέπρακτο

405 810 530 904 ἤδη
576 816 687 881 καὶ
735 813 1161 902 ἐχρημάτιζεν
1207 807 1391 900 αὐτῷ
1438 811 1473 881 ὃ
1504 811 1824 900 βασιλεὺς
1867 815 1979 880 καὶ
2012 812 2232 879 εἱστία
2273 805 2404 898 ἤδη
2456 803 2571 876 αὖ·

408 916 525 984 τὸν
573 910 1026 1000 ἆποπέμπων.
1101 916 1266 995 ἔθος
1311 917 1386 983 δέ
1433 915 1613 984 ἐστιν
1658 915 1727 983 ἐν
1772 914 2147 1002 Βοσπόρῳ,
2204 911 2363 991 τοὺς
2407 939 2572 998 μνη-

411 1021 661 1104 στῆρας
691 1016 808 1084 ἐπὶ
837 1021 935 1103 τῷ
965 1019 1219 1105 δείπνῳ
1252 1017 1465 1085 αἰτεῖν
1507 1016 1631 1097 τὰς
1658 1016 1862 1139 κόρας
1903 1019 2015 1084 καὶ
2048 1017 2277 1101 λέγειν,
2326 1014 2571 1091 οἵτινες

411 1145 602 1197 οντες
659 1113 924 1198 ἀξιοῦσι
980 1120 1480 1206 καταδεχθῆναι
1538 1119 1654 1188 ἐπὶ
1699 1119 1817 1186 τὸν
1864 1118 2098 1206 γάμον.
2174 1120 2284 1184 καὶ
2332 1116 2413 1202 δὴ
2462 1119 2569 1183 καὶ

411 1221 564 1288 τότε
609 1220 832 1304 ε’τυχον
895 1220 964 1288 ἐν
1021 1225 1118 1308 τῷ
1177 1221 1435 1308 δείπνῳ
1490 1224 1737 1289 πολλοὶ
1794 1224 2165 1309 μνηστῆρες
2221 1217 2571 1302 παρόντες,

409 1325 714 1408 βασιλεῖς
755 1326 869 1390 καὶ
898 1326 1232 1404 βασιλέων
1277 1324 1542 1405 παῖδες,
1586 1326 1701 1390 καὶ
1739 1322 2173 1410 Τιγραπάτης
2216 1319 2295 1408 ήν
2342 1317 2377 1386 ὃ
2417 1329 2572 1386 Λα-

417 1426 538 1505 ζῶν
598 1423 923 1514 δυνάστης
978 1430 1087 1492 καὶ
1142 1421 1563 1511 Ἀδύρμαχος
1622 1422 1657 1493 ὅ
1719 1426 2127 1514 Μαχλυηνῆς
2182 1419 2401 1507 α’ρχων
2464 1424 2569 1487 καὶ

415 1523 607 1595 ἄλλοι
652 1529 916 1594 πολλοί.
993 1528 1097 1594 δεῖ
1125 1528 1198 1594 δὲ
1244 1531 1378 1593 τῶν
1407 1528 1801 1617 μνηστήρων
1847 1527 2123 1594 ε’καστον
2168 1531 2573 1612 προσαγγεί-
2620 1535 2627 1545 “

417 1631 621 1696 λαντα
689 1629 954 1710 ἑαυτόν,
1023 1630 1204 1697 διότι
1258 1631 1831 1719 μνηστευσόμενος
1896 1623 2072 1718 ἥκει,
2143 1629 2445 1694 δειπνεῖν
2503 1622 2573 1693 ἐν

413 1745 556 1810 τοῖς
603 1727 833 1810 ἄλλοις
875 1738 1344 1815 κατακείμενον
1391 1727 1512 1821 ἐφ’
1564 1729 1871 1821 ἡσυχίας·
1920 1725 2093 1798 ἐπὰν
2138 1731 2211 1796 δὲ
2255 1729 2573 1796 παύσων-

415 1859 528 1900 ται
575 1834 1026 1914 δειπνοῦντες,
1076 1832 1446 1920 αιτήσαντα
1490 1834 1741 1922 φιάλην
1787 1827 2194 1901 ἐπισπεῖσαι
2238 1831 2407 1898 κατὰ
2454 1836 2573 1919 τῆς

417 1933 746 2020 τραπέζης
775 1936 898 2052 ινκαὶ
935 1934 1437 2022 μνηστεύεσθαι
1479 1935 1598 2023 τὴν
1629 1936 1847 2004 παῖδα
1891 1933 2114 2002 πολλα
2164 1933 2571 2000 ἐπαινοῦντα
2586 1940 2657 1990 552

418 2034 687 2116 ἑαυτόν,
757 2027 848 2113 ὥς
904 2060 1009 2113 τις
1063 2026 1104 2122 ἢ
1160 2042 1390 2123 γένους
1452 2064 1491 2124 η
1552 2038 1847 2104 πλούτου
1912 2027 1957 2126 ἢ
2015 2037 2357 2122 δυνάμεως
2414 2037 2577 2118 ἑχοι.

314 2149 389 2204 45
421 2145 521 2204 45.
581 2137 852 2204 πολλῶν
897 2135 1013 2204 οὖν
1068 2165 1236 2206 κατα
1288 2139 1484 2206 τόνδε
1542 2139 1658 2207 τὸν
1717 2139 1923 2223 νόμον
1982 2139 2407 2206 σπεισάντων
2468 2165 2579 2205 και

424 2238 841 2327 αἰτησάντων
883 2243 994 2308 καὶ
1036 2243 1389 2322 βασιλείας
1444 2244 1555 2308 καὶ
1600 2241 1933 2320 πλούτους
1976 2245 2580 2329 καταριθμησαμέ-

424 2366 553 2406 νων
609 2343 986 2421 τελευταῖος
1051 2340 1085 2409 0‘
1139 2337 1569 2431 Ἀρσακόμας
1628 2343 1911 2433 αἰτήσας
1974 2343 2095 2431 τὴν
2152 2343 2406 2431 φιάλην
2465 2337 2581 2410 οὐκ

424 2443 736 2511 ἔσπεισεν
765 2481 848 2493 -
882 2438 958 2512 οὗ
988 2443 1109 2531 γὰρ
1144 2445 1308 2523 ἔθος
1341 2441 1503 2534 ἡμῖν
1536 2444 1741 2528 ἐκχεῖν
1786 2445 1903 2512 τὸν
1933 2442 2135 2525 οἶνον,
2184 2439 2358 2510 ἀλλὰ
2388 2438 2581 2529 ῧβρις

423 2542 595 2614 εἶναι
657 2547 840 2615 δοκεῖ
877 2551 1079 2616 τοῦτο
1125 2548 1193 2626 ἐς
1235 2547 1352 2616 τὸν
1395 2548 1566 2616 θεόν
1612 2587 1697 2598 --
1743 2547 1922 2614 πιὼν
1980 2550 2053 2615 δὲ
2100 2543 2346 2632 ἀμυστί
2361 2600 2378 2628 ,
2434 2548 2581 2625 Δός

420 2672 569 2731 μοι,
616 2645 835 2730 εἶπεν,
896 2636 950 2715 ῶ
994 2652 1304 2733 βασιλεῦ,
1363 2649 1483 2737 τὴν
1527 2655 1869 2738 θυγατέρα
1928 2672 2049 2717 σου
2096 2649 2421 2730 Μαζαίαν
2466 2675 2581 2735 γυ-

423 2763 617 2816 ναῖκα
675 2751 845 2833 ἔχειν
902 2751 1076 2818 πολὺ
1137 2752 1655 2842 ἐπιτηδειοτέρῳ
1710 2752 1965 2819 τούτων
2026 2747 2169 2819 ὄντι
2222 2748 2453 2818 ὁπόσα
2510 2777 2582 2838 γε

425 2850 540 2918 ἐπὶ
570 2855 665 2936 τῷ
698 2851 970 2938 πλούτῳ
1001 2857 1112 2920 καὶ
1145 2867 1286 2933 τοῖς
1313 2850 1623 2942 κτήμασι.
1687 2857 1805 2921 τοῦ
1838 2853 1910 2920 δὲ
1941 2853 2373 2937 Λευκάνορος
2403 2859 2580 2921 θαυ-

421 2952 762 3035 μάσαντος
806 2991 881 3002 -
933 2948 1269 3043 ἠπίστατο
1327 2955 1453 3043 γὰρ
1515 2961 1771 3044 πένητα
1830 2955 1949 3023 τὸν
1986 2950 2412 3040 Ἀρσακόμαν
2472 2959 2582 3023 καὶ

424 3057 706 3120 Σκυθῶν
763 3059 894 3123 τῶν
952 3058 1224 3123 πολλῶν
1268 3095 1350 3106 -
1397 3062 1508 3126 καὶ
1554 3058 1899 3143 ἐρομένου,
1961 3059 2165 3125 Πόσα
2222 3058 2293 3124 δὲ
2335 3059 2581 3146 βοσκή-

422 3181 605 3239 ματα
660 3147 703 3243 ἢ
747 3157 970 3236 πόσας
1027 3155 1300 3242 ἆμάξας
1347 3161 1547 3243 ἔχεις,
1610 3147 1663 3226 ῶ
1702 3155 2130 3246 Ἀρσακόμας
2184 3164 2398 3228 ταῦτα
2452 3160 2579 3246 γὰρ

422 3255 612 3343 ὑμεῖς
656 3263 1037 3328 πλουτεῖτε·
1089 3256 1277 3330 Ἀλλ’
1330 3258 1447 3346 οὐχ
1493 3260 1784 3348 ἆμάξας,
1832 3264 1995 3353 ἔφη,
2057 3264 2183 3347 ἔχω
2228 3257 2381 3330 οὗδὲ
2428 3259 2578 3350 ἀγέ-

428 3364 577 3444 λας,
626 3356 774 3429 ἀλλ’
841 3363 974 3432 εἶσί
1014 3391 1136 3448 μοι
1180 3365 1297 3433 δύο
1343 3368 1539 3454 φίλοι
1581 3368 1770 3433 καλοὶ
1829 3369 1941 3434 καὶ
1989 3360 2242 3453 ἇγαθοὶ
2286 3365 2420 3432 οἶοι
2466 3360 2579 3433 οὐκ

426 3460 606 3553 ἄλλῳ
661 3472 961 3534 Σκυθῶν.
1039 3468 1190 3534 τότε
1247 3469 1367 3553 μὲν
1425 3454 1541 3536 οὖν
1600 3469 1932 3556 ἐγελάσθη
1994 3468 2110 3536 ἐπὶ
2155 3468 2419 3546 τούτοις
2469 3473 2580 3535 καὶ

426 3569 777 3659 παρώφθη
822 3573 935 3638 καὶ
976 3570 1259 3655 μεθύειν
1306 3570 1550 3649 ἔδοξεν.
1628 3571 1843 3637 ἕωθεν
1892 3572 1963 3638 δὲ
2004 3574 2404 3656 προκριθεὶς
2447 3574 2579 3637 τῶν

425 3669 643 3739 ἄλλων
680 3667 1095 3758 Ἀδύρμαχος
1154 3673 1423 3757 ἔμελλεν
1486 3667 1772 3752 ἀπάξειν
1838 3673 1957 3763 τὴν
2016 3674 2277 3762 νύμφην
2332 3672 2405 3750 ἐς
2460 3672 2578 3762 τὴν

321 3785 394 3841 46
427 3778 747 3842 Μαιῶτιν
813 3773 1000 3856 παρὰ
1067 3773 1223 3853 τοὺς
1289 3776 1640 3858 Μάχλυας.
1744 3781 1847 3842 46.
1917 3772 1951 3843 ὅ
2024 3776 2095 3841 δὲ
2153 3770 2579 3859 Ἀρσακόμας

427 3875 824 3944 ἐπανελθών
864 3877 1089 3944 οἴκαδε
1132 3877 1367 3966 μηνύει
1413 3891 1555 3956 τοῖς
1587 3880 1814 3966 φίλοις
1861 3874 1954 3956 ὥς
1982 3871 2396 3964 ἀτιμασθείη
2444 3873 2575 3942 ὑπὸ

425 3982 542 4046 τοῦ
585 3979 916 4061 βασιλέως
959 3981 1068 4044 καὶ
1099 3980 1463 4067 γελασθείη
1513 3974 1578 4046 ἐν
1622 3983 1720 4065 τῷ
1753 3985 2112 4066 συμποσίῳ
2156 3984 2365 4065 πένης
2409 3974 2581 4044 εἶναι
