2750 4534
909 250 1190 304 ΤΟΞΑΡΙΣ
1226 251 1266 301 H
1303 250 1503 303 ΦΙΛΙΑ.
2222 246 2303 304 85

152 417 316 482 κατὰ
382 417 498 505 τὴν
545 415 704 486 ὁδὸν
760 416 894 487 ὑπὸ
945 420 1204 507 λῃστῶν
1252 417 1719 485 ἐπιπεσόντων
1766 424 1997 504 σφίσι·
2060 417 2307 499 διαμα-

61 519 428 601 565χόμενος
481 520 606 607 γὰρ
654 520 828 607 πρὸς
879 515 1120 599 αὐτοὺς
1165 520 1508 587 ἐλαύνεται
1572 519 1640 599 ἐς
1682 518 1799 585 τὸν
1842 519 2084 607 μηρόν,
2132 513 2307 607 ὥστε

151 616 292 688 οὐδ’
348 622 623 691 ἑστάναι
671 622 948 691 ἐδύνατο
992 621 1128 689 ὑπὸ
1172 626 1290 711 τῆς
1321 616 1579 710 ὀδύνης.
1656 621 1909 706 νύκτωρ
1954 622 2026 689 δὲ
2058 629 2307 689 καθευ-

151 725 404 792 δόντων
451 764 530 772 -
577 726 804 809 ἔτυχον
863 727 935 793 δὲ
992 725 1061 792 ἐν
1105 722 1395 811 ὑπερῴῳ
1453 728 1584 792 τινὶ
1634 724 1967 803 οἰκοῦντες
2010 764 2092 773 -
2140 750 2307 811 πυρ-

149 825 302 895 καῖὰ
369 828 618 915 μεγάλη
703 826 1130 905 ἐξανίσταται
1202 830 1315 893 καὶ
1384 826 1609 893 πάντα
1676 827 2123 912 περιεκλείετο
2195 829 2307 893 καὶ

151 944 480 1015 περιεῖχεν
535 926 573 1017 ἢ
635 929 813 1017 φλὸξ
868 926 1345 1012 ἁπανταχόθεν
1404 928 1524 1017 τὴν
1550 928 1820 995 οἰκίαν·
1878 923 2179 995 ἐνταῦθα
2225 930 2304 1016 δὴ

149 1030 584 1118 ἀνεγρόμενος
631 1029 665 1098 ὃ
706 1026 1042 1116 Ἀβαύχας
1084 1030 1477 1098 καταλιπών
1534 1031 1619 1097 τὰ
1666 1032 1913 1098 παιδία
1958 1034 2307 1115 κλαυθμυ-

150 1132 462 1218 ριζόμενα
525 1137 635 1201 καὶ
705 1132 825 1221 τὴν
879 1148 1156 1219 γυναῖκα
1223 1126 1705 1220 ἐκκρεμαμένην
1766 1127 2308 1215 ἀποσεισάμενος

148 1237 252 1301 καὶ
300 1234 540 1314 σώζειν
587 1229 790 1322 αὐτὴν
836 1234 1533 1321 παρακελευσάμενος,
1592 1232 1921 1322 ἀράμενος
1962 1233 2083 1300 τὸν
2127 1234 2307 1302 ἑταῖ-

150 1361 258 1420 ρον
289 1338 587 1423 κατῆλθε
631 1339 738 1403 καὶ
775 1338 958 1426 ἔφθη
1009 1338 1409 1414 διεκπαίσας
1453 1331 1617 1402 καθ’
1671 1335 1707 1401 ὃ
1738 1336 2020 1423 μηδέπω
2064 1338 2308 1413 τελέως

152 1432 559 1504 ἀπεκέκαυτο
618 1436 752 1505 ὖπό
789 1442 920 1505 τοῦ
964 1438 1212 1527 πυρός·
1267 1436 1308 1527 ἦ
1353 1437 1509 1524 γυνὴ
1560 1438 1633 1505 δὲ
1678 1442 1978 1525 φέρουσα
2033 1436 2111 1503 τὸ
2156 1443 2307 1523 βρέο

151 1564 273 1625 φος
331 1540 567 1607 εἵπετο
627 1537 1027 1608 ἀκολουθεῖν
1083 1540 1451 1608 κελεύσασα
1508 1543 1616 1607 καὶ
1676 1539 1796 1629 τὴν
1853 1538 2084 1627 κόρην,
2143 1536 2184 1629 ἡ
2234 1540 2306 1606 δὲ

153 1636 551 1728 ἡμίφλεκτος
599 1636 852 1729 ἆφεῑσα
895 1642 973 1708 τὸ
1007 1642 1288 1709 παιδίον
1334 1636 1406 1709 ἐκ
1434 1645 1553 1732 τῆς
1596 1636 1884 1729 ἀγκάλης
1924 1641 2125 1725 μόλις
2170 1641 2306 1708 διε-

149 1742 408 1831 πήδησε
463 1743 582 1832 τὴν
628 1744 848 1832 φλόγα
903 1747 1014 1811 καὶ
1072 1741 1111 1833 ἡ
1162 1757 1328 1822 παῖς
1388 1744 1507 1811 σὺν
1554 1738 1754 1831 αὐτῇ,
1823 1743 2009 1831 παρὰ
2070 1742 2307 1831 μικρὸν

150 1836 446 1911 ἐλθοῦσα
489 1841 754 1934 κᾶκείνη
803 1840 1204 1914 ἀποθανεῖν.
1273 1850 1386 1915 καὶ
1431 1840 1668 1934 ἐπειδὴ
1711 1840 2017 1914 ὠνείδισέ
2054 1871 2157 1923 τις
2186 1844 2307 1911 τὸν

144 1937 466 2028 Ἀβαύχαν
522 1939 827 2033 ὕστερον,
887 1947 1063 2015 διότι
1121 1946 1419 2034 προδοὺς
1476 1946 1560 2013 τὰ
1606 1948 1802 2014 τέκνα
1859 1950 1973 2015 καὶ
2029 1947 2148 2035 τὴν
2193 1973 2305 2033 γυ-

149 2060 335 2113 ναῖκα
371 2044 405 2114 ὅ
434 2049 506 2116 δὲ
528 2048 644 2116 τὸν
671 2049 1008 2136 Γυνδάνην
1039 2049 1436 2134 ἐξεκόμισεν,
1461 2043 1671 2116 Ἀλλὰ
1696 2050 1951 2129 παῖδας
1980 2053 2175 2133 μέν,’
2154 2052 2303 2142 ε’φη,

150 2152 247 2215 καὶ
297 2138 506 2228 αὖθις
563 2151 998 2238 ποιήσασθαί
1053 2178 1172 2235 μοι
1216 2152 1450 2241 ῥᾴδιον
1494 2155 1605 2219 καὶ
1652 2148 1897 2240 αδηλον
1945 2152 2004 2218 εἰ
2050 2149 2303 2239 αγαθοὶ

152 2248 416 2318 ἔσονται
461 2279 684 2334 ουτοι,
739 2256 940 2339 φίλον
989 2254 1060 2320 δὲ
1106 2280 1224 2320 ουκ
1271 2282 1351 2321 αν
1398 2254 1661 2339 ευροιμι
1708 2251 1907 2321 ἄλλον
1954 2254 2023 2321 ἐν
2069 2256 2305 2339 πολλῳ

148 2348 358 2440 χρόνῳ
414 2359 718 2421 τοιοῦτον
780 2355 923 2434 οἶος
976 2356 1312 2444 Γυνδάνης
1373 2356 1515 2424 ἐστὶ
1574 2356 1816 2441 πεῖράν
1872 2382 1991 2440 μοι
2049 2355 2305 2442 πολλὴν

151 2458 258 2538 τῆς
303 2451 570 2535 εὐνοίας
614 2464 1131 2543 παρεσχημένος.

314 2562 419 2624 62.
467 2558 752 2646 Ε’ίρηκα,
812 2556 864 2624 ὠ
910 2558 1326 2645 Μνήσιππε,
1391 2552 1529 2625 απὸ
1579 2562 1847 2625 πολλῶν
1904 2564 2105 2625 πέντε
2148 2558 2301 2625 τού·-
2331 2564 2407 2621 62

152 2682 296 2736 τους
360 2660 972 2747 προχειρισάμενος.
1047 2656 1171 2750 ήδη
1235 2661 1306 2728 δὲ
1350 2660 1583 2745 καιρὸς
1640 2687 1722 2727 αν
1781 2661 1882 2749 είη
1929 2665 2300 2748 κεκρίσθαι,

67 2753 478 2845 566ὁπότερον
535 2758 717 2849 ἡμῶν
770 2751 813 2848 ἢ
857 2760 976 2851 τὴν
1033 2764 1332 2848 γλῶτταν
1388 2752 1430 2851 ἢ
1474 2762 1592 2850 τὴν
1652 2761 1875 2840 δεξιὰν
1922 2756 2303 2851 ἀποτετμῆ-

155 2864 318 2928 σθαι
368 2862 528 2928 δέοι.
599 2869 705 2940 τίς
749 2860 862 2929 οὖν
907 2859 942 2930 ὅ
993 2864 1282 2930 δικάσων
1329 2861 1545 2946 ἐστίν,·

318 2968 614 3030 ΜΝΗΣ.
694 2964 866 3033 Οὐδὲ
925 2964 1052 3043 εἶς·
1114 2960 1190 3032 οὗ
1249 2965 1374 3052 γὰρ
1435 2965 1848 3049 ἐκαθίσαμέν
1907 2992 2059 3033 τινα
2117 2966 2303 3031 δικα-

156 3061 308 3150 στὴν
374 3067 494 3130 τοῦ
562 3063 777 3150 λόγου.
863 3058 1015 3131 ἀλλ’
1082 3062 1294 3133 οἶσθα
1361 3066 1400 3133 ὃ
1464 3066 1830 3151 δράσομεν,·
1896 3064 2129 3152 ἐπειδὴ
2191 3069 2304 3132 νῦν

156 3157 418 3231 ἄσκοπα
474 3166 978 3252 τετοξεύκαμεν,
1042 3152 1246 3246 αὖθις
1305 3166 1611 3252 ἑλόμενοι
1670 3166 2016 3257 διαιτητὴν
2063 3164 2304 3244 ἄλλους

157 3260 264 3330 ἐπ’
321 3265 548 3354 ἐκείνῳ
609 3268 907 3353 εἴπωμεν
967 3271 1234 3357 φίλους,
1296 3266 1442 3336 εἶτα
1503 3268 1579 3348 ὃς
1626 3259 1707 3336 ἂν
1750 3262 1967 3355 ἥττων
2016 3274 2303 3357 γε’νηται,

159 3362 694 3458 ἀποτετμήσεται
738 3370 891 3437 τότε
935 3359 978 3455 ἢ
1011 3369 1134 3455 ἐγώ
1180 3369 1299 3457 τὴν
1342 3372 1641 3457 γλῶτταν
1686 3361 1725 3459 ἢ
1770 3371 1848 3437 σὺ
1894 3372 2012 3459 τὴν
2059 3369 2301 3447 δεξιάν.

159 3460 432 3557 ἢτοῦτο
489 3472 609 3555 μὲν
664 3468 1005 3559 ἄγροικον,
1068 3472 1219 3539 ἐπεὶ
1278 3471 1350 3538 δὲ
1406 3475 1518 3539 καὶ
1581 3471 1660 3539 σύ
1708 3474 1945 3558 φιλίαν
2003 3470 2305 3538 ἐπαινεῖν

157 3572 400 3652 ἔδοξας,
448 3571 573 3659 ἐγώ
621 3574 692 3640 δὲ
724 3566 914 3640 οὐδὲν
962 3568 1125 3640 ἄλλο
1155 3570 1444 3662 ἡγοῦμαι
1491 3568 1894 3660 ἀνθρώποις
1929 3570 2103 3640 εἶναι
2146 3574 2302 3640 τού*

157 3700 266 3741 του
311 3678 528 3761 κτῆμα
587 3700 860 3759 αμεινον
919 3703 958 3764 η
1005 3676 1304 3756 κάλλιον,
1367 3683 1437 3743 τί
1482 3670 1624 3758 οὐχὶ
1668 3678 1782 3742 καὶ
1822 3672 2013 3761 ἡμεῖς
2060 3680 2304 3742 συνθέ-

157 3800 339 3855 μενοι
384 3775 556 3857 πρὸς
586 3772 761 3865 ἡμᾶς
793 3770 1033 3853 αὐτους
1077 3779 1270 3865 φίλοι
1300 3802 1373 3843 τε
1406 3770 1698 3843 αὗτόθεν
1730 3772 1904 3843 εἶναι
1945 3779 2055 3843 καὶ
2090 3776 2303 3845 εἰσαεὶ

159 3875 434 3943 ἔσεσθαι
493 3870 858 3962 ἀγαπῶμεν
916 3902 1123 3965 αμφω
1181 3878 1593 3966 νικήσαντες,
1648 3877 1731 3944 τὰ
1774 3882 2055 3964 μέγιστα
2116 3863 2305 3945 ἆθλα

160 3978 680 4064 προσλαβόντες,
741 3972 890 4046 ἆντὶ
949 3982 1110 4063 μιᾶς
1167 3979 1464 4069 γλώττης
1518 3983 1629 4047 καὶ
1685 3983 1847 4063 μιᾶς
1904 3980 2125 4058 δεξιᾶς
2182 3980 2301 4048 δύο
