2750 4534
1108 258 1410 313 ΤΟΞΑΒΙΒ.
2215 262 2250 317 2
2263 262 2292 318 1
2307 262 2342 318 5

398 440 547 509 θοις
588 430 608 514 ΙΙ
649 428 861 513 μάθης
904 434 959 492 Α
1019 469 1098 477 -
1154 440 1396 497 τοῦτον
1441 440 1642 511 φίλον.
1679 432 1698 515 ss
1741 450 1857 493 om.
1905 440 2100 511 φίλον
2145 430 2213 494 Ω
2260 471 2341 482 -

404 530 806 616 διηγησάμην
842 530 861 617 ΙΙ
904 539 1319 615 διηγησαίμην
1364 529 1434 594 Ω

179 658 230 698 o.
259 641 361 699 21.
393 634 785 702 ἀπώλλυντο
890 633 1240 702 ἀπώλοντο
1282 633 1351 697 Ω
1391 671 1478 682 «-
1521 661 1618 714 τις
1663 633 1682 718 ΙΙ
1721 643 1818 713 τίς
1863 640 1910 697 Β
1957 670 2037 679 —-
2099 639 2190 701 ἔτι
2234 645 2340 701 καὶ

395 735 417 821 fl
459 759 573 799 om.
618 733 743 798 ΑΩ
775 775 855 783 -
887 736 1223 821 Ἀθήνησιν
1266 735 1287 822 fl
1330 740 1411 803 ἐν
1459 737 1578 803 Ἀθ.
1630 735 1698 799 Ω
1743 773 1824 783 -
1856 736 1972 803 τὸν
2000 744 2117 815 μὲν
2159 737 2180 822 ΙΙ
2223 760 2338 801 om.

397 836 627 902 ΑΩΓΒ
674 875 755 885 -
800 846 907 904 καὶ
952 840 1216 922 α’πονηχ.
1264 836 1285 924 fl
1328 860 1444 903 om.
1490 847 1598 904 καὶ
1642 836 1709 901 Ω

180 964 232 1005 c.
268 948 370 1004 22.
402 940 559 1020 μετὰ
605 948 681 1007 δὲ
725 940 745 1027 ss
785 967 845 1018 μ.
898 941 985 1024 δὴ
1028 946 1078 1003 Β
1126 979 1207 989 -
1266 941 1471 1009 ἄλλον
1515 940 1534 1025 [Ι
1577 940 1741 1008 ἄλλο
1786 939 1910 1003 ΑΩ
1959 976 2032 985 —-
2077 950 2340 1024 χείρονα

396 1044 415 1126 Η
453 1060 674 1128 χεῖρον
717 1042 844 1105 ΑΩ
902 1080 984 1089 -
1041 1050 1374 1131 Χαριξένῳ
1418 1042 1438 1127 ΙΙ
1482 1050 1840 1130 Χαριξείνῳ
1884 1041 2061 1105 ΑΩΓ
2105 1078 2189 1090 -
2233 1054 2342 1109 Σι-

398 1155 664 1232 κυωνίῳ
707 1144 726 1229 ΙΙ
770 1147 1055 1212 Συκιῶνι
1100 1144 1169 1209 Ω
1226 1184 1308 1193 -—
1366 1145 1564 1224 αὐτὸς
1621 1146 1716 1211 ὦν
1757 1144 1778 1230 ΙΙ
1823 1145 1918 1211 ὢν
1976 1144 2173 1224 αὐτὸς
2217 1144 2342 1207 ΑΩ

397 1284 482 1294 -
539 1264 677 1326 τοῖς
738 1254 857 1325 μὲν
914 1248 1137 1327 ἄλλοις
1200 1252 1355 1327 ἴσως
1397 1247 1418 1333 ΙΙ
1459 1252 1614 1326 ἴσως
1651 1269 1716 1314 τ.
1765 1273 1828 1325 μ.
1877 1248 2100 1326 ἄλλοις
2143 1246 2211 1309 Ω
2257 1284 2340 1294 —

396 1360 649 1431 γελοίοις
752 1360 1048 1431 γελοίους
1080 1349 1178 1413 ΓΒ
1210 1362 1430 1432 γελοῖα
1459 1348 1528 1413 Ω
1560 1390 1642 1399 --
1671 1361 1979 1417 τοσαῦται
2013 1351 2035 1435 ΙΙ
2067 1362 2340 1417 τοιαῦτα

395 1450 518 1515 ΩΓ
564 1488 646 1499 -
693 1457 761 1519 ἐν
793 1453 957 1537 αὐτῇ
998 1453 1017 1537 ΙΙ
1061 1457 1129 1520 ἐν
1174 1454 1353 1519 αὐτῶ
1383 1451 1452 1515 Ω
1484 1491 1565 1500 —-
1596 1454 1932 1520 ἀπολείπω
1975 1452 1996 1537 ss
2037 1454 2339 1519 ἀπολίπω

396 1552 448 1616 Γ
495 1591 574 1601 --
632 1572 1015 1638 γηροκομεῖν
1060 1552 1079 1639 ΙΙ
1121 1571 1524 1638 γηρωκομεῖν
1579 1553 1754 1617 ΑΩΒ
1811 1590 1894 1600 -
1948 1561 2280 1642 Χαριξένῳ

395 1664 755 1743 Χαριξείνῳ
812 1661 867 1719 Α
924 1694 1006 1703 --
1062 1658 1227 1739 παρ’
1284 1656 1491 1723 αὑτοῦ
1544 1654 1562 1739 ss
1620 1683 1682 1723 π.
1754 1656 1961 1723 αὐτοῦ
2016 1654 2190 1719 ΩΓΒ
2258 1694 2340 1703 -

395 1759 599 1843 μήτηρ
656 1757 676 1844 ΙΙ
730 1758 938 1842 πατὴρ
996 1756 1119 1821 ΑΩ
1179 1796 1262 1807 —-
1320 1768 1666 1843 πρεσβῦτις
1721 1758 1740 1841 ss
1798 1758 2158 1843 πρεσβύτης
2214 1757 2339 1822 ΑΩ

396 1860 739 1944 πρεσβῦτις
795 1861 845 1923 Γ
891 1900 971 1909 --
1028 1860 1205 1944 πάθῃ
1250 1860 1269 1945 ΙΙ
1312 1861 1516 1928 πάθοι
1573 1858 1640 1923 Ω
1698 1898 1781 1907 -
1838 1868 1946 1927 καὶ
2000 1861 2118 1945 τὴν
2159 1864 2180 1947 ss
2223 1884 2338 1925 om.

395 1971 503 2029 καὶ
548 1960 727 2026 ΑΩΓ
772 2002 854 2011 -
896 1969 1118 2046 μερίδα
1177 1972 1372 2047 φησίν
1418 1963 1438 2048 ΙΙ
1478 1989 1543 2043 φ.
1593 1990 1654 2041 μ.
1704 1967 1754 2025 Β
1799 2002 1883 2011 --
1928 1971 2280 2047 Χαρίξενος
2324 1964 2343 2049 ΙΙ

393 2073 773 2149 Χαρίξεινος
817 2064 937 2128 ΩΓ
971 2102 1051 2111 ——-
1094 2067 1422 2151 Εὐδαμίδᾳ
1465 2066 1484 2152 ΙΙ
1525 2068 1853 2145 Εὐδαμίδα
1896 2070 2022 2131 sine
2054 2096 2074 2133 ι
2105 2071 2336 2131 subscr.

392 2172 443 2231 Β
491 2207 571 2216 --
617 2168 747 2235 ὑπὸ
791 2179 913 2234 τοῦ
957 2179 1195 2252 νεκροῦ
1242 2166 1262 2254 ΙΙ
1305 2190 1421 2232 om.
1467 2180 1590 2235 τοῦ
1635 2167 1703 2232 Ω
1750 2208 1832 2217 -

168 2294 224 2335 ο.
256 2279 359 2335 23.
392 2270 682 2351 ἐπιβιοὺς
723 2270 743 2356 ΙΙ
786 2271 1105 2351 ἄποβιοὺς
1162 2269 1230 2333 Ω
1288 2308 1368 2317 --
1426 2271 1633 2339 αὑτοῦ
1676 2272 1696 2356 ΙΙ
1739 2273 1946 2340 αὐτοῦ
2003 2280 2224 2356 μερίδα
2269 2270 2336 2334 Ω

392 2411 477 2421 —
520 2376 643 2454 εἶχε
684 2372 703 2456 ΙΙ
746 2376 909 2455 εἶχεν
953 2371 1005 2435 Γ
1048 2408 1133 2419 --
1189 2376 1438 2439 ἐκείνου
1481 2380 1704 2457 μερίδα
1745 2374 1765 2456 ΙΙ
1813 2395 1928 2436 0111.
1973 2400 2103 2456 μερ.
2155 2377 2209 2435 Α
2257 2411 2337 2419 -

390 2476 625 2542 αὐταῖν
667 2475 687 2561 ΙΙ
730 2476 956 2555 αὐταῖς
986 2473 1109 2537 ΑΩ
1156 2514 1236 2523 -
1279 2476 1514 2559 ἡμέρας
1543 2476 1774 2559 ἠξίωσε
1802 2474 1822 2561 ΙΙ
1850 2477 2124 2559 ἠξίωσεν
2153 2476 2326 2561 ἣμέρ.

393 2581 446 2640 Α
492 2579 724 2661 ἠξίωσε
769 2578 868 2661 ‘57ss-
919 2576 987 2639 Ω
1031 2616 1112 2624 -
1158 2575 1357 2657 καλός
1403 2576 1422 2662 ΙΙ
1464 2588 1680 2656 καλῶς
1710 2577 1812 2641 ΓΒ
1845 2616 1927 2625 --
1968 2579 2336 2656 Εὐδαμίδαν

388 2680 409 2763 ΙΙ
450 2681 779 2759 Εὐδαμίδα
807 2677 875 2742 Ω
924 2718 1003 2729 --—
1036 2681 1145 2746 ἐπ’
1191 2680 1416 2759 αὐτοῖς
1459 2679 1477 2763 ΙΙ
1519 2681 1634 2746 ἐπ’
1680 2681 1904 2746 αὐτῶῗ
1949 2678 2018 2742 Ω
2063 2702 2174 2745 0111.
2223 2683 2332 2747 ἐπ’

389 2786 446 2843 Α
489 2820 571 2829 ——-
618 2789 674 2847 εἰ
714 2789 820 2847 καὶ
862 2781 949 2863 μὴ
992 2780 1013 2867 ΙΙ
1056 2789 1112 2847 εἰ
1150 2781 1236 2865 μὴ
1281 2790 1389 2847 καὶ
1434 2779 1661 2844 ΑΩΓΒ
1707 2820 1790 2829 -—

164 2909 217 2949 c.
246 2892 348 2947 24.
382 2884 742 2967 Χαρμόλεω
786 2882 807 2968 ΙΙ
848 2890 1232 2966 Χαρμολέου
1291 2889 1344 2946 Α
1404 2890 1827 2967 Χαρμοκλέου
1888 2884 1957 2947 Ω
2023 2924 2107 2933 -
2165 2898 2338 2951 Μασ-

390 2994 699 3069 σαλίηθεν
742 2986 761 3070 ΙΙ
804 2994 1240 3068 Μασσιλίηθεν
1284 2984 1352 3047 Ω
1401 3024 1480 3033 -
1541 2974 1958 3069 πρεσβεύοντι
2018 2987 2178 3070 ὑπὲρ
2224 2999 2336 3072 τῆς

388 3095 696 3172 πατρίδος
738 3085 758 3171 ss
801 3109 916 3150 om.
962 3085 1087 3149 ΑΩ
1130 3125 1213 3134 -
1258 3087 1334 3153 τὸ
1377 3086 1570 3171 ἥμισυ
1615 3086 1692 3155 τὸ
1739 3089 1949 3169 δεξιὸν
1979 3089 1998 3174 ΙΙ
2026 3090 2104 3155 τὸ
2148 3089 2332 3173 ἥμιτο

388 3195 601 3270 δέξιον
646 3193 778 3269 (sio)
824 3186 893 3251 Ω
950 3226 1030 3235 --
1087 3189 1205 3256 τὸν
1252 3191 1406 3271 ὀφθ.
1455 3190 1474 3275 ΙΙ
1516 3213 1630 3254 0111.
1677 3190 1792 3257 τὸν
1838 3189 1906 3253 Ω
1952 3230 2034 3239 --
2079 3193 2336 3259 παλλώ-

386 3302 589 3376 βητον
631 3291 649 3377 ΙΙ
694 3299 983 3370 πανλωβ.
1034 3288 1083 3351 Γ
1127 3330 1211 3340 -
1265 3292 1744 3375 μορμολύκειον
1787 3294 1806 3379 ΙΙ
1846 3294 2334 3378 μορμολύκιον

387 3398 438 3457 Β
486 3430 566 3439 -
612 3392 825 3471 οὕτως
868 3392 886 3478 ΙΙ
931 3390 1126 3472 οὗτος
1155 3391 1383 3458 ΑΩΓΒ
1431 3433 1511 3441 -
1557 3395 1863 3479 τοιαύτην
1905 3396 2083 3482 αὐτῷ
2110 3395 2130 3483 ΙΙ
2160 3398 2337 3484 αὐτῷ

387 3524 438 3563 τ.
489 3494 613 3558 ΑΩ
662 3532 742 3541 -
788 3494 1013 3576 ὅτεπερ
1056 3494 1075 3578 ΙΙ
1119 3494 1224 3563 ὅτε
1254 3494 1321 3559 Ω
1367 3534 1451 3543 -—
1497 3496 1671 3564 οὕτω
1699 3497 1718 3583 ΙΙ
1748 3497 1960 3577 οὕτως
1990 3496 2058 3560 Ω
2101 3536 2183 3544 —-
2229 3508 2336 3565 καὶ

388 3603 523 3665 ἐπεὶ
564 3598 585 3684 ΙΙ
626 3619 741 3661 0111.
789 3606 893 3663 καὶ
937 3595 1166 3660 ΑΩΓΒ
1214 3637 1294 3646 --
1341 3600 1569 3667 ὀκτωκ.
1619 3600 1638 3685 ΙΙ
1681 3608 1811 3665 καὶ
1857 3601 2086 3667 ὀκτωκ.
2137 3598 2336 3664 ΩΓΒ

390 3739 471 3749 --
518 3701 1080 3778 ὀκτωκαιδεκαέτις
1124 3700 1142 3785 ΙΙ
1188 3700 1761 3780 ὀκτωκαιδεκέτις
1805 3706 1854 3765 Β
1901 3738 1983 3748 --
2029 3702 2331 3790 α’γενῶνΙ

381 3804 669 3884 εὐγενῶν
715 3799 764 3861 Γ
816 3838 887 3847 -
940 3800 1152 3881 οὕτως
1196 3803 1215 3887 ΙΙ
1259 3802 1436 3870 οὕτω
1481 3802 1605 3867 ΑΩ
1649 3842 1732 3851 -—-
2195 3844 2230 3853 -
2279 3879 2285 3886 ,

164 3932 221 3972 ο.
252 3915 353 3970 25.
387 3904 735 3988 α’πορήσεις
776 3902 795 3987 ΙΙ
839 3903 1212 3988 εὐπορήσεις
1256 3903 1323 3968 Ω
1371 3943 1452 3952 -
1499 3906 1746 3990 εὑρήσει
1789 3907 1807 3991 ΙΙ
1849 3934 1994 3973 τινα
2040 3907 2330 3991 εὑρήσειν

388 4013 443 4071 Α
498 4034 643 4074 τινα
704 4006 952 4090 εὑρήσει
995 4006 1044 4068 Γ
1097 4008 1223 4090 εὕρ.
1273 4008 1419 4074 τινα
1450 4012 1500 4070 Β
1545 4046 1630 4055 -
1675 4017 1887 4078 οἰκίαν
1928 4008 1947 4094 ΙΙ
1991 4017 2235 4077 οἰκείαν
2278 4016 2332 4073 Α
