2750 4534
891 258 1053 313 ΖΕΥΣ
1089 259 1591 315 ΕΔΕΓΧΟΜΕΝΟΣ.
2243 260 2324 316 93

149 424 450 515 ἀφέντες
504 431 617 495 καὶ
672 428 1036 506 τοσούτους
1092 424 1414 511 ὑβριστὰς
1470 430 1581 494 καὶ
1624 433 1890 511 βιαίους
1932 432 2044 495 καὶ
2062 427 2325 550 ἐπιόρ-

145 555 319 607 κους
393 531 547 615 δρῦν
615 556 767 597 τινα
833 529 1160 607 πολλάκις
1220 532 1613 614 κεραυνοῦτε
1678 519 1749 615 ἢ
1789 531 1988 595 λίθον
2054 519 2095 616 ἢ
2138 530 2326 650 τνεώς

152 634 386 698 ἱστίον
432 625 622 699 οὐδὲν
669 625 1047 719 ἀδικούσης,
1096 631 1308 698 ἐνίοτε
1355 632 1426 697 δὲ
1468 631 1755 719 χρηστόν
1799 656 1949 698 τινα
1978 634 2091 699 καὶ
2135 625 2325 700 όσιον

149 728 565 819 ὃδοιπόρον,·
620 738 690 799 τί
746 736 1043 820 σιωπᾷς,
1106 758 1158 797 ω
1203 736 1373 813 Ζεῦ,·
1430 721 1471 819 ἢ
1524 726 1677 799 οὐδὲ
1734 736 1931 798 τοῦτο
1982 737 2187 814 θέμις
2244 759 2327 816 με

148 833 450 916 ειδέναι;

333 929 767 1003 ΖΕΥΣ.οὗ
817 935 973 1021 γάρ,
1040 922 1093 1001 ὦ
1155 932 1626 1003 Κυνίσκε.σὺ
1695 935 1769 1001 δὲ
1822 899 2325 1021 πολυπράγμων

151 1058 271 1112 τις
316 1034 377 1103 εἶ
425 1036 556 1123 [καὶ
602 1030 718 1103 οὒκ
761 1031 893 1103 οἶδ’
947 1029 1114 1103 όθεν
1143 1040 1355 1103 ταῦτα
1399 1030 1578 1122 ἥκεις
1604 1062 1724 1121 μοι
1756 1036 2327 1125 συμπεφορηκώς.]

341 1144 554 1203 ΚΤΝ.
640 1132 890 1205 Οὖκοῦν
945 1138 1114 1226 μηδὲ
1171 1138 1377 1205 ἐκεῖνο
1422 1134 1596 1221 ὑμᾶς
1640 1137 1924 1225 ε’ρωμαι,
1986 1143 2061 1205 σέ
2102 1163 2176 1205 τε
2219 1144 2328 1207 καὶ

153 1237 286 1324 τὴν
317 1240 663 1323 Πρόνοιαν
693 1243 803 1307 καὶ
849 1239 966 1329 τὴν
999 1240 1441 1327 Εἱμαρμένην,
1486 1246 1555 1307 τί
1598 1239 1849 1323 δήποτε
1883 1248 2166 1308 Φωκίων
2208 1242 2329 1324 μὲν

156 1338 192 1407 ὃ
243 1340 535 1430 χρηστὸς
592 1339 660 1408 ἐν
714 1342 1003 1428 τοσαύτῃ
1063 1347 1267 1429 πενίᾳ
1319 1368 1429 1408 και
1480 1340 1725 1408 σπάνει
1778 1345 1911 1406 τῶν
1956 1335 2331 1426 ἀναγκαίων

157 1438 476 1511 ἀπέθανε
518 1444 628 1509 καὶ
669 1441 1089 1531 Ἀριστείδης
1132 1442 1266 1529 πρὸ
1314 1441 1536 1527 αὐτοῦ,
1582 1444 1884 1521 Καλλίας
1930 1442 2003 1509 δὲ
2042 1446 2155 1509 καὶ
2180 1441 2329 1508 Ἀλ-

155 1544 506 1631 κιβιάδης,
567 1538 907 1612 ακόλαστα
965 1545 1312 1630 μειράκια,
1380 1541 1921 1627 ὑπερεπλούτουν
1979 1546 2090 1611 καὶ
2150 1550 2330 1610 Μει-

157 1648 319 1724 δίας
353 1642 387 1712 ὃ
420 1643 739 1734 ὑβριστὴς
781 1650 894 1714 καὶ
924 1647 1180 1733 Χάροψ
1223 1643 1258 1713 ὃ
1291 1646 1683 1735 Αἰγινήτης,
1729 1646 2025 1723 κίναιδος
2058 1635 2330 1731 ἂνθρω-

156 1773 332 1829 πος,
391 1745 510 1837 τὴν
567 1753 821 1836 μητέρα
867 1750 1040 1834 λιμῷ
1086 1742 1470 1826 ἀπεκτονώς
1482 1800 1499 1829 ,
1556 1749 1670 1815 καὶ
1727 1746 1935 1815 πάλιν
1979 1747 2330 1834 Σωκράτης

157 1849 286 1930 μὲν
335 1843 692 1937 παρεδόθη
723 1862 868 1927 τοῖς
900 1848 1145 1931 ἕνδεκα,
1194 1851 1510 1937 Μέλητος
1556 1850 1627 1917 δὲ
1675 1842 1750 1915 οὗ
1795 1848 2171 1937 παρεδόθη,
2218 1851 2328 1915 καὶ

57 1951 745 2036 639Σαρδανάπαλλος
809 1952 929 2035 μὲν
1003 1950 1346 2035 ἐβασίλευε
1409 1954 1625 2039 θῆλυς
1697 1948 1824 2032 ὤν,
1899 1954 2184 2036 Περσῶν
2257 1951 2329 2017 δὲ

158 2056 483 2120 τοσοῦτοι
555 2055 748 2120 καλοὶ
820 2052 1111 2137 κάγαθοὶ
1188 2049 1423 2140 ἄνδρες
1496 2047 2091 2133 ἆνεσκολοπίζοντο
2159 2050 2332 2137 πρὸς

161 2149 408 2235 αὐτοῦ,
467 2153 643 2222 διότι
685 2153 774 2241 μὴ
821 2148 1175 2239 ἠρέσκοντο
1219 2168 1362 2233 τοῖς
1405 2160 1819 2240 γιγνομένοις
1852 2156 2015 2236 (,·†),
2074 2160 2172 2220 17.
2218 2154 2329 2220 ἵνα
2364 2160 2431 2214 17

162 2255 254 2344 μὴ
301 2253 389 2321 τὰ
437 2258 548 2321 νῦν
581 2257 745 2340 λέγω
775 2250 940 2321 καθ’
996 2254 1269 2322 ἕκαστον
1301 2254 1605 2336 ἐπεξιών,
1651 2253 1807 2333 τούς
1847 2254 1968 2339 μὲν
1998 2253 2333 2343 πονηροὺς

164 2352 728 2441 εὖδαιμονοῦντας
783 2360 892 2423 καὶ
950 2356 1108 2435 τούς
1164 2360 1597 2439 πλεονέκτας,
1665 2352 2027 2443 ἀγομένους
2089 2357 2161 2423 δὲ
2218 2358 2327 2423 καὶ

166 2465 580 2547 φερομένους
607 2460 764 2537 τοὺς
802 2459 1128 2547 χρηστοὺς
1159 2459 1226 2525 ἒν
1264 2466 1469 2547 πενίᾳ
1512 2463 1623 2527 καὶ
1656 2459 1881 2537 νόσοις
1923 2461 2033 2525 καὶ
2065 2464 2331 2544 μυρίοις

163 2575 398 2638 κακοῖς
442 2560 894 2644 πιεζομένους.

341 2668 593 2728 ΖΕΥΣ.
683 2657 778 2731 Οὔ
822 2661 948 2748 γὰρ
996 2659 1228 2744 οἶσθα,
1275 2648 1329 2727 ὦ
1377 2668 1681 2743 Κυνίσκε,
1726 2658 1959 2747 ἡλίκας
2000 2660 2167 2745 μετὰ
2214 2661 2332 2728 τὸν

160 2769 318 2847 βίον
365 2764 431 2829 οἱ
475 2766 762 2851 πονηροὶ
818 2762 942 2842 τὰς
984 2763 1292 2841 κολάσεις
1337 2759 1789 2846 ὑπομένουσιν
1804 2814 1822 2844 ,
1878 2752 1921 2852 ἢ
1978 2760 2047 2829 ἐν
2092 2755 2214 2850 ὅσῃ
2263 2766 2327 2831 οὶ

158 2867 441 2953 χρηστοὶ
489 2858 882 2952 εὐδαιμονίᾳ
926 2865 1424 2952 διατρίβουσιν,·

343 2973 409 3031 Κ
417 2973 554 3033 ΥΝ.
586 2959 823 3054 Ἅιδην
863 2992 985 3049 μοι
1028 2968 1239 3052 λέγεις
1281 2968 1391 3033 καὶ
1439 2965 1722 3044 Τιτυοὺς
1763 2969 1878 3034 καὶ
1928 2966 2329 3045 Ταντάλους.

167 3066 296 3153 ἐγώ
347 3067 449 3148 δέ,
509 3066 569 3134 εἰ
610 3073 744 3151 μέν,
774 3093 844 3135 τι
897 3070 1008 3135 καὶ
1053 3067 1358 3136 τοιοῦτόν
1405 3066 1617 3149 ἐστιν,
1678 3069 1950 3154 εἴσομαι
1993 3068 2069 3137 τὸ
2118 3070 2333 3158 σαφὲς

167 3167 452 3236 ἐπειδὰν
498 3162 868 3236 ἀποθάνω·
929 3168 1006 3237 τὸ
1070 3171 1142 3237 δὲ
1199 3174 1312 3237 νῦν
1369 3170 1517 3253 ἔχον
1572 3169 1938 3259 ἐβουλόμην
1995 3170 2113 3237 τὸν
2160 3168 2331 3238 ὃπο-

168 3274 410 3337 σονοῦν
473 3270 709 3357 χρόνον
773 3275 1011 3338 τοῦτον
1070 3264 1483 3355 εὖδαιμόνως
1540 3271 1845 3359 διαβιοὺς
1910 3269 2044 3340 ὕπὸ
2115 3272 2330 3341 ἑκκαί-

170 3373 333 3439 δεκα
375 3376 604 3458 γυπῶν
660 3378 1011 3459 κείρεσθαι
1056 3372 1132 3441 τὸ
1178 3368 1363 3459 ἧπαρ
1412 3368 1819 3456 ἀποθανών,
1880 3369 2049 3441 ἀλλὰ
2092 3373 2181 3464 μὴ
2228 3372 2331 3440 ἒν-

165 3477 410 3545 ταῦθα
467 3470 766 3561 διψῆσας
819 3474 1052 3563 ὥσπερ
1110 3472 1145 3542 ὅ
1208 3476 1551 3554 Τάνταλος
1610 3476 1678 3543 ἐν
1732 3477 2048 3563 μακάρων
2106 3476 2333 3563 νήσοις

169 3582 396 3644 πίνειν
454 3576 622 3659 μετὰ
689 3580 822 3643 τῶν
880 3572 1115 3663 ἡρώων
1180 3575 1248 3644 ἓν
1303 3580 1402 3665 τῷ
1449 3571 1739 3666 Ἠλυσίῳ
1798 3580 2073 3662 λειμῶνι
2128 3604 2332 3644 κατα-

169 3684 490 3761 κείμενος.

75 3787 152 3838 6⁴0
347 3784 442 3846 18.
505 3784 758 3853 ZEYZ.
840 3786 928 3848 Τί
971 3780 1138 3870 φής,·
1193 3774 1508 3858 ἀπιστεῖς
1563 3776 1737 3848 εἶναί
1790 3804 1976 3858 τινας
2018 3781 2326 3859 κολάσεις
2361 3786 2435 3841 18

169 3882 281 3946 καὶ
335 3878 538 3962 τιμὰς
595 3884 706 3948 καὶ
763 3882 1219 3970 δικαστήριον,
1278 3882 1452 3951 ἔνθα
1513 3881 1590 3968 δὴ
1654 3877 2026 3963 ἐξετάζεται
2084 3879 2119 3950 ὅ
2181 3882 2331 3950 ἑκά-

172 4004 334 4049 στου
377 3987 560 4064 βίος,·
