2750 4534
533 238 565 293 1
576 236 654 293 26
1208 256 1214 261 ·
1420 234 1700 289 ΛΟΥΚΙΑΝ
1706 233 1791 286 ΟΥ

528 404 647 488 μὲν
678 404 1078 492 προσειπών
1123 400 1324 471 αὑτὸν
1355 394 1586 486 ὥσπερ
1633 400 1907 467 εἰώθειν
1952 400 2283 487 δεσπότην
2333 393 2659 488 ἀπηλλατ-

528 506 766 595 τόμην,
827 502 916 585 ὥς
952 506 1042 593 μὴ
1089 498 1602 587 καταισχύναιμι
1647 497 1847 569 αὑτὸν
1894 500 2015 568 σὺν
2059 506 2354 588 τριβακῷ
2400 505 2496 588 τῷ
2536 508 2657 585 τρί-

525 615 694 693 βωνι
755 610 1370 695 συμπαρομαρτῶν,
1438 602 1473 672 ὅ
1536 606 1640 685 δέ,
1712 604 2005 688 Μικύλε,
2071 611 2271 692 φησί,
2338 602 2657 688 θυγατρὸς

526 711 811 797 τήμερον
857 710 1057 779 ἑστιῶ
1089 709 1409 796 γενέθλια
1451 711 1563 775 καὶ
1594 700 2019 792 παρεκάλεσα
2063 709 2195 772 τῶν
2229 708 2455 794 φίλων
2496 705 2655 789 μάλα

527 813 852 889 πολλούς·
901 812 1052 879 ἐπεὶ
1095 812 1168 878 δέ
1209 810 1360 878 τινά
1409 833 1619 898 φασιν
1665 803 1882 876 αὑτῶν
1925 810 2237 893 μαλακῶς
2282 808 2521 891 ἔχοντα
2562 800 2655 888 οὐχ

527 914 670 981 οἷόν
727 939 800 981 τε
859 910 1032 981 εἶναι
1089 912 1501 991 ξυνδειπνεῖν
1558 907 1720 995 μεθ’
1782 906 1999 996 ἡμῶν,
2068 912 2149 975 σύ
2211 903 2361 976 ἀντ’
2429 909 2653 977 ἐκείνου

525 1011 638 1104 ἧκε
685 1015 1119 1099 λουσάμενος,
1182 1007 1258 1104 ἢν
1303 1015 1394 1103 μὴ
1453 1008 1493 1081 δ’
1536 1039 1609 1099 γε
1649 1015 1925 1100 κληθεὶς
1985 1006 2183 1090 αὐτὸς
2227 1013 2395 1101 ε’ίπῃ
2444 1006 2652 1099 ἀφίξε-

526 1124 728 1199 σθαι,
788 1114 880 1197 ὥς
939 1121 1048 1185 νῦν
1104 1144 1178 1205 γε
1237 1112 1618 1206 ἀμφίβολός
1674 1116 1837 1183 ἐστι.
1937 1119 2134 1183 τοῦτο
2194 1110 2490 1194 ἀκούσας
2546 1114 2647 1200 ἐγώ

525 1219 989 1308 προσκυνήσας
1032 1214 1276 1307 ἀπῄειν
1308 1214 1656 1303 εὐχόμενος
1694 1211 1913 1284 ἅπασι
1956 1222 2149 1295 θεοῖς
2178 1211 2481 1304 ἧπίαλόν
2523 1243 2650 1284 τινα

522 1316 563 1409 ἤ
619 1324 962 1408 πλευρῖτιν
1025 1312 1068 1407 ἢ
1131 1322 1479 1408 ποδάγραν
1548 1321 1942 1406 ἐπιπέμψαι
2005 1323 2100 1404 τῷ
2164 1320 2647 1405 μαλακιζομένῳ

524 1423 781 1510 ἐκείνῳ,
850 1418 926 1491 οὑ
983 1422 1261 1511 ἔφεδρος
1327 1421 1454 1508 ἐγὼ
1520 1424 1633 1489 καὶ
1698 1418 2123 1499 ἀντίδειπνος
2182 1424 2295 1487 καὶ
2361 1421 2648 1503 διάδοχος

523 1526 906 1614 ἐκεκλήμην·
951 1528 1060 1592 καὶ
1107 1523 1181 1592 τὸ
1226 1522 1378 1610 ἄχρι
1421 1528 1540 1591 τοῦ
1586 1526 1863 1608 λουτροῦ
1910 1524 2121 1589 αἰῶνα
2163 1523 2489 1613 μήκιστον
2532 1522 2643 1590 ἐτι·
2658 1533 2715 1581 716

521 1633 771 1716 θέμην,
832 1628 1091 1710 συνεχὲς
1149 1626 1539 1694 ἐπισκοπῶν
1596 1621 1999 1694 ὁποσάπουν
2057 1624 2131 1692 τὸ
2182 1640 2513 1709 στοιχεῖον
2560 1624 2642 1712 εἴη

520 1734 629 1797 καὶ
673 1736 924 1816 πηνίκα
968 1726 1090 1815 ἤδη
1139 1732 1510 1797 λελοῦσθαι
1557 1729 1717 1796 δέοι.
1804 1722 2091 1814 κάπειδή
2139 1754 2309 1795 ποτε
2354 1726 2391 1796 ὃ
2440 1725 2644 1811 καιρὸς

521 1825 818 1920 ἄφίκετο,
865 1830 1039 1916 πρὸς
1068 1832 1269 1915 τάχος
1313 1831 1598 1916 ἐμαυτὸν
1636 1825 2039 1917 ἀπορρύψας
2084 1825 2330 1915 ἄπειμι
2373 1836 2641 1915 κοσμίως

517 1932 701 2016 μάλα
747 1932 1337 2020 ἐσχηματισμένος,
1398 1928 1827 2018 ἀναστρέψας
1878 1932 1956 1999 τὸ
2004 1932 2358 2017 τριβώνιον
2415 1930 2504 2010 ῶς
2546 1931 2638 1997 ἐπὶ

413 2034 484 2088 10
518 2036 635 2099 τοῦ
691 2040 1165 2120 καθαρωτέρου
1222 2040 1480 2121 γένοιτο
1537 2031 1576 2124 ἦ
1625 2028 1938 2123 άναβολή.
2020 2042 2116 2103 10.
2173 2034 2638 2119 καταλαμβάνω

514 2159 587 2200 τε
630 2134 804 2220 πρὸς
849 2150 996 2215 ταῖς
1041 2136 1288 2220 θύραις
1335 2133 1576 2215 ἄλλους
1627 2162 1699 2203 τε
1744 2136 2037 2215 πολλοὺς
2078 2140 2190 2203 καὶ
2237 2136 2315 2223 δὴ
2365 2132 2637 2205 κάκεῖνον

515 2236 814 2325 φοράδην
871 2234 1005 2305 ὑπὸ
1051 2237 1385 2324 τεττάρων
1436 2244 1937 2323 κεκομισμένον,
1996 2232 2053 2325 ᾦ
2096 2263 2179 2322 με
2222 2234 2634 2308 ὑποδειπνεῖν

513 2338 668 2421 ἔδει,
711 2340 828 2407 τὸν
873 2354 1090 2408 νοσεῖν
1137 2340 1505 2427 λεγόμενον,
1551 2345 1664 2408 καὶ
1708 2340 1941 2428 ἐδήλου
1988 2342 2060 2407 δὲ
2104 2342 2420 2428 πονήρως
2462 2342 2631 2425 ἔχων·

511 2437 829 2510 ὑπέστενε
871 2446 1026 2529 γοῦν
1071 2445 1179 2509 καὶ
1211 2439 1543 2531 ὑπέβηττε
1585 2446 1696 2511 καὶ
1726 2443 2127 2530 ἐχρέμπτετο
2171 2444 2407 2528 μύχιόν
2450 2470 2517 2511 τι
2542 2446 2631 2508 καὶ

513 2544 994 2630 δυσπρόσοδον,
1040 2537 1253 2632 ὠχρὸς
1298 2538 1456 2623 ὅλος
1500 2535 1591 2612 ὢν
1621 2549 1733 2613 καὶ
1780 2544 2139 2635 διῳδηκώς,
2186 2540 2367 2633 ἀμφὶ
2396 2545 2481 2613 τὰ
2508 2540 2633 2629 ἑξή-

508 2673 708 2714 κοντα
767 2647 875 2736 ἔτη
936 2645 1200 2729 σχεδόν·
1262 2647 1518 2733 ἐλέγετο
1583 2649 1654 2715 δὲ
1711 2648 2091 2737 φιλόσοφός
2144 2674 2248 2726 τις
2292 2646 2469 2717 εἶναι
2520 2650 2631 2713 τῶν

509 2747 682 2834 πρὸς
746 2748 831 2814 τὰ
871 2747 1197 2847 ,μειράκια
1263 2750 1757 2838 φλυαρούντων.
1858 2748 1894 2817 ὃ
1951 2754 2107 2835 γοῦν
2165 2750 2415 2837 πώγων
2472 2748 2632 2834 μάλα

507 2850 815 2937 τραγικὸς
858 2848 935 2936 ήν
991 2850 1087 2928 εἰς
1135 2848 1513 2936 ὑπερβολὴν
1570 2856 1867 2937 κουριῶν.
1955 2856 2063 2919 καὶ
2125 2852 2524 2937 αἰτιωμένου
2571 2873 2630 2935 γε

497 2945 834 3036 Ἀρχιβίου
898 2956 1017 3019 τοῦ
1085 2952 1346 3037 ἰατροῦ,
1418 2954 1593 3021 διότι
1660 2948 1871 3033 ούτως
1936 2954 2099 3037 ἔχων
2160 2948 2475 3042 ἄφίκετο,
2547 2950 2700 3018 Τὰ717

503 3054 917 3141 καθήκοντα,
979 3055 1139 3142 ἔφη,
1206 3051 1281 3121 οὗ
1324 3056 1445 3142 χρὴ
1496 3056 1898 3142 προδιδόναι
1955 3061 2069 3124 καὶ
2110 3061 2322 3123 ταῦτα
2366 3056 2628 3145 φιλόσο-

505 3180 635 3241 φον
694 3151 930 3242 ανδρα,
989 3146 1110 3223 κάν
1165 3164 1404 3244 μυρίαι
1461 3158 1647 3225 νόσοι
1708 3157 2053 3242 ἐμποδών·
2084 3160 2433 3227 ἱστῶνται·
2491 3155 2625 3248 ἡγί-

505 3281 693 3324 σεται
735 3256 860 3345 γὰρ
908 3252 1245 3349 Εὐκράτης
1289 3256 1819 3346 ὑπερεωρᾶσθαι
1864 3259 2037 3346 πρὸς
2080 3258 2286 3349 ἡμῶν.
2388 3256 2483 3331 Οὔ
2522 3260 2623 3345 μὲν

504 3386 640 3441 ουν,
687 3356 880 3427 εἶπον
911 3360 1056 3447 ἐγώ,
1103 3355 1254 3427 ἀλλ’
1294 3361 1723 3430 ἐπαινέσεταί
1753 3385 1845 3444 σε,
1891 3354 1969 3451 ἢν
2000 3364 2172 3431 οἴκοι
2202 3389 2391 3450 παρα
2424 3362 2626 3445 σαυτῷ

502 3464 754 3544 μᾶλλον
799 3458 1178 3531 ἀποθανεῖν
1224 3464 1467 3551 ἐθέλῃς
1508 3459 1681 3552 ἤπερ
1728 3463 1795 3531 ἐν
1830 3469 1927 3552 τῷ
1959 3472 2315 3593 συμποσίῳ
2361 3488 2623 3534 συνανα-

495 3564 968 3651 χρεμψάμενος
1010 3564 1127 3655 τὴν
1161 3567 1378 3656 ψυχὴν
1421 3566 1589 3651 μετὰ
1618 3572 1737 3634 τοῦ
1768 3570 2164 3655 φλέγματος.
2240 3569 2480 3648 ἐκεῖνος
2518 3568 2621 3652 μὲν

503 3693 616 3734 ουν
659 3663 794 3735 ὑπὸ
840 3669 1425 3758 μεγαλοφροσύνης
1486 3668 1561 3737 ού
1607 3685 2088 3755 προσεποιεῖτο
2136 3666 2482 3761 ἀκηκοέναι
2520 3669 2619 3735 τοῦ

501 3770 929 3854 σκώμματος·
977 3769 1338 3860 ἐφίσταται
1385 3774 1457 3839 δὲ
1484 3772 1653 3857 μετὰ
1697 3774 1932 3859 μικρὸν
1964 3770 1998 3841 0‘
2035 3768 2370 3863 Εὐκράτης
2414 3777 2619 3843 λελου-

498 3877 694 3955 μένος
737 3876 848 3941 καὶ
896 3872 1056 3940 ιδών
1097 3874 1215 3943 τὸν
1265 3875 1699 3959 Θεσμόπολιν
1742 3914 1823 3925 -
1867 3880 2062 3943 τοῦτο
2105 3904 2231 3964 γαρ
2277 3874 2312 3946 ὁ
2360 3876 2619 3967 φιλόσο-

500 4000 628 4063 φος
673 3974 968 4045 ἐκαλεῖτο
1016 4014 1096 4024 -
1139 3976 1541 4060 Διδάσκαλε,
1589 3986 1824 4067 φησίν,
1874 4005 1942 4045 ευ
1987 3980 2106 4064 μὲν
2153 3980 2475 4069 ἐποίησας
2515 3969 2617 4043 αὖ-
