2750 4534
422 264 545 321 246

418 1170 473 1214 ο.
506 1157 606 1213 52.

417 1886 471 1929 ο.
505 1874 605 1930 53.

1378 263 1638 318 Lucum

636 440 781 499 Mat.
816 473 897 483 -—
926 461 1013 517 πη
1120 461 1233 501 ποι
1277 438 1334 498 A
1371 472 1452 481 —
1485 456 1588 501 σοι
1631 435 1650 517 ΙΙ
1693 458 1760 501 σε
1805 433 1928 499 ΑΩ
1959 472 2030 484 -
2064 446 2171 503 καὶ
2215 444 2360 503 θεοί
2401 434 2423 520 Ι
2466 457 2579 498 om.

634 545 740 603 καὶ
800 535 960 601 Aut*
1018 572 1100 581 —
1145 544 1302 603 εἰσὶν
1362 536 1489 620 ἄρα
1548 547 1654 603 καὶ
1711 547 1856 604 θεοί
1909 536 1930 623 Ι
1983 538 2109 621 άρα
2165 546 2282 603 εἰσὶ
2335 546 2486 605 θεοί
2531 542 2582 599 Α

630 646 791 705 εἰσὶν
834 639 962 721 ἆρα
1016 648 1161 705 θεοί
1201 641 1254 703 21
1298 674 1384 685 —-
1428 643 1492 717 ἐς
1543 639 1747 722 κόρον
1789 639 1810 724 Ι
1851 647 1938 719 εἰς
1981 666 2038 708 κ.
2085 638 2214 704 ΑΩ
2261 677 2338 685 -
2394 639 2583 706 ’.ίλλά

632 742 650 822 ΙΙ
692 742 849 809 ἀλλ’
896 744 1099 807 aunt.
1129 777 1213 787 —
1242 747 1375 806 εἰπὲ
1421 747 1486 807 d}
1529 740 1550 825 fl
1593 742 1662 808 δ’
1693 743 1748 805 U
1789 780 1872 789 —
1900 754 2158 824 γελοῖον
2185 739 2208 826 Ι
2233 741 2581 823 γελάσιμον

630 842 901 908 amnt.
932 882 1016 893 --
1042 842 1308 923 βωμοὺς
1348 843 1370 928 Ι
1410 852 1616 923 βωμῶ
1642 847 1696 907 Α
1730 881 1811 891 -
1839 843 2158 929 ξυνδῆσας
2199 846 2220 929 fl
2263 861 2328 909 σ.
2375 842 2582 924 ΩΓΘ)

630 984 712 994 -
757 951 875 1014 οἴει
932 946 1199 1029 ἰσχυρὸν
1331 954 1446 1027 ἰσχ.
1511 949 1630 1013 οἴει
1687 945 1958 1011 QPMnt.
2007 984 2080 993 -
2129 952 2262 1013 ἐπεὶ
2319 953 2521 1031 μηδὲν
2565 946 2584 1031 Ι

628 1048 837 1132 ἐπειδὴ
882 1055 1037 1131 μηδὲ
1084 1050 1136 1113 U
1178 1085 1265 1094 —
1305 1048 1424 1132 ἤδη
1465 1046 1487 1131 Ι
1529 1069 1645 1112 om.
1690 1052 1747 1112 A

634 1152 947 1234 ἡττῆσθαι
990 1151 1011 1234 Ι
1050 1152 1377 1233 ἡττεῖσθαι
1423 1150 1473 1212 Γ
1525 1154 1588 1215 in
1631 1172 1751 1215 ras.
1807 1187 1896 1199 --
1949 1148 2078 1217 ὑπό
2131 1177 2334 1217 τινων
2379 1150 2402 1234 Ι
2449 1149 2574 1216 ὑπό

630 1280 808 1333 τινος
861 1290 946 1300 —·
1004 1257 1319 1337 ἐρίσοιμεν
1374 1251 1397 1339 Ι
1451 1257 1765 1336 ἐρίζοιμεν
1821 1250 2147 1318 [urunt.
2189 1288 2279 1299 -—
2327 1278 2399 1334 γε
2449 1253 2472 1337 ΙΙ
2516 1278 2582 1318 τε

635 1353 682 1417 Γ
728 1392 809 1403 -
852 1355 1018 1440 πρὸς
1072 1360 1177 1435 ε’μέ
1280 1382 1343 1424 π.
1392 1382 1469 1435 με
1511 1359 1568 1419 A
1611 1396 1698 1405 --
1745 1365 2043 1437 μαστιγία
2083 1354 2104 1437 ss
2144 1364 2487 1436 στιγματία
2531 1356 2584 1417 a

630 1496 713 1506 —
774 1455 1038 1536 οὗτινος
1090 1464 1209 1537 μὲν
1252 1457 1271 1541 fl
1314 1480 1432 1521 om.
1489 1466 1606 1533 μὲν
1661 1462 1714 1524 21
1769 1494 1852 1503 —
1905 1460 2260 1537 ἀπέπνιξας
2313 1456 2332 1539 ss
2389 1458 2579 1523 ἀπέκ-

628 1588 839 1640 τεινας
895 1558 1167 1625 ΩΓΜιιῒ.
1226 1598 1311 1607 --
1374 1561 1466 1640 ὡς
1521 1560 1540 1644 ΙΙ
1595 1564 1714 1639 ἕως
1767 1559 2038 1625 strunt.
2096 1598 2181 1607 —
2244 1570 2349 1626 πλ.
2415 1559 2578 1641 παρ’

628 1669 788 1742 ἐμοῦ
891 1664 1055 1746 παρ’
1088 1666 1247 1741 ἐμοῦ
1277 1673 1380 1729 πλ.
1415 1700 1502 1709 -
1531 1659 1804 1726 urunt.
1834 1700 1916 1709 —
1947 1662 2310 1742 ἀποσφάξω
2355 1660 2378 1745 ΙΙ
2422 1661 2579 1727 ἄπο-

633 1765 912 1847 ᾳράξωῖ)
955 1762 1176 1828 QMut.

635 1868 969 1951 ἀποτρέχει
1010 1866 1031 1950 ΙΙ
1073 1866 1322 1933 ἄπεισιν
1381 1864 1650 1929 ΩΓΜιιῐ.
1695 1903 1780 1913 -
1823 1866 1860 1931 ὁ
1919 1866 1988 1931 ‹5'
2031 1864 2050 1948 Ι]
2093 1866 2248 1931 02’6’
2297 1870 2452 1930 Mut.
2497 1902 2574 1913 —

630 1972 836 2035 ἔοικεν
870 1969 893 2053 ΙΙ
925 1973 1089 2036 ἔοικε
1118 1968 1187 2031 Ω
1222 2007 1301 2017 -
1349 1971 1433 2036 αἰ
1440 1969 1556 2035 τὸν
1585 1968 1893 2048 πατάξειν
1917 1966 1939 2053 Ι
1965 1995 2029 2035 π.
2065 1969 2270 2035 αὐτὸν
2299 1966 2576 2031 QPMut.

630 2108 713 2118 —
743 2072 1000 2159 κεράμῳ
1044 2070 1063 2154 ΙΙ
1106 2077 1394 2156 κεραμὲω
1424 2069 1493 2134 Ω
1537 2075 1848 2154 κεραμέωι
1893 2075 2040 2133 Mut.
2087 2107 2168 2117 —
2213 2069 2579 2154 ποιοῦμενΙ

631 2183 919 2251 ποιῶμεν
963 2178 1134 2255 Mat„
1180 2183 1494 2252 ποιοῖμεν
1539 2194 1592 2235 c.
1637 2193 1756 2236 ras.
1801 2177 1862 2235 in
1909 2199 1989 2239 ov
2035 2171 2084 2233 Γ
2117 2210 2198 2219 -
2233 2181 2341 2238 καὶ
2391 2174 2578 2254 ὑπὲρ·

624 2302 783 2356 μεγα
825 2274 845 2359 ΙΙ
885 2280 1076 2357 μέγα,
1134 2296 1251 2338 om.
1296 2283 1404 2341 καὶ
1449 2277 1610 2358 ὑπὲρ
1656 2272 1924 2339 ssl'Mut.
1983 2312 2067 2321 —
2119 2285 2322 2341 ταῦτα
2369 2300 2515 2341 πεπ.
2561 2273 2578 2355 Ι

630 2404 691 2443 π.
741 2388 946 2444 ταῦτα
976 2374 1302 2442 ΩΫΙΓΜιιῑ.
1350 2412 1432 2426 -·
1477 2378 1700 2443 ἅπιάσι
1741 2378 1758 2459 {5
1804 2378 2066 2442 α’πίασιν
2097 2375 2167 2438 Ω
2211 2413 2294 2423 -
2337 2384 2576 2445 πολλοὶ

626 2478 747 2561 γὰρ
790 2477 810 2564 ss
852 2506 913 2548 π.
964 2508 1017 2562 y.
1080 2487 1237 2546 εἰσίν
1283 2481 1335 2544 U
1393 2516 1477 2527 —-
1532 2480 1998 2561 γιγνώσκοντες
2051 2478 2071 2562 fl
2125 2506 2246 2560 γιν.
2295 2534 2310 2546 .
2359 2534 2376 2547 .
2431 2486 2572 2543 Mut.

626 2617 710 2628 -
755 2586 882 2661 [καὶ
926 2582 964 2648 ὃ
1011 2579 1288 2668 σίρᾳαξ]
1391 2590 1500 2647 καὶ
1543 2581 1580 2647 ὃ
1625 2602 1814 2665 συρφ.
1859 2584 1932 2663 Ἠ,
1977 2581 2014 2647 ὁ
2061 2579 2252 2665 σι’ρφ.
2303 2604 2422 2646 om.
2469 2588 2570 2647 καὶ

626 2687 713 2764 A,
770 2692 876 2749 καὶ
922 2684 959 2750 ὃ
1004 2704 1193 2767 συρφ.
1242 2705 1358 2747 om.
1407 2681 1456 2744 Γ
1499 2691 1606 2749 καὶ
1651 2679 1686 2748 ὃ
1738 2703 1925 2767 συρφ.
1983 2686 2113 2747 sine
2159 2705 2328 2747 cano.
2376 2682 2450 2745 Ω.
2493 2717 2570 2728 -

628 2783 905 2864 ἅπαντες
1032 2785 1268 2865 πάντες
1316 2783 1438 2847 ΩΓ
1497 2823 1580 2831 --
1637 2785 1822 2853 Ἀλλὰ
1875 2785 1896 2869 Ι
1950 2786 2104 2852 ἀλλ’
2164 2784 2442 2849 strunt.
2489 2820 2566 2830 —

627 2890 837 2965 ἐβουλ.
887 2886 969 2953 ἂν
1012 2886 1032 2970 ΙΙ
1074 2909 1188 2950 om.
1236 2887 1316 2954 ἂν
1352 2893 1499 2951 Mut.
1532 2924 1614 2934 —
1643 2899 1948 2956 τοιοῦτον
1992 2887 2011 2971 [Ι
2054 2898 2294 2955 τοῦτον
2323 2885 2452 2950 ΩΓ
2483 2924 2564 2934 -

630 2990 777 3055 οἷον
818 2986 837 3071 ΙΙ
880 3011 994 3051 om.
1041 2986 1241 3053 FMut.
